1846 3121
618 104 892 161 Praefatio.
1412 115 1452 163 '3

73 277 147 320 per
176 262 332 318 aliquot
361 269 487 303 annos
516 261 667 304 habere
702 277 891 317 possem;
920 261 1054 317 itaque
1084 260 1340 315 cogitandum
1372 274 1456 307 erat

73 338 125 378 de
144 352 245 378 nova
265 336 454 378 editione.
516 335 630 377 Dum
664 339 770 378 varia
797 337 965 379 consilia
999 336 1134 379 animo
1166 350 1305 377 verso:
1335 338 1456 379 audio

72 425 216 452 novam
237 410 455 452 editionem
484 425 507 450 a
533 410 619 451 viro
640 411 889 461 doctissimo,
912 409 1034 452 CHR.
1059 409 1115 450 D.
1139 409 1355 459 Bsscmo,
1387 425 1458 464 pa-

71 484 164 534 rari,
191 485 356 540 adjectis
390 483 579 535 Scholiis,
608 486 718 540 quod
739 485 851 526 valde
871 486 1110 538 probabam,
1141 484 1325 537 notisque
1345 482 1457 523 illus-

72 558 287 610 trantibus3
309 558 458 613 prodiit
472 574 633 614 quoque
655 574 718 600 an.
732 559 824 600 xcii.
844 559 1032 600 volumen
1053 558 1226 614 primum
1248 557 1456 612 Olympia,

72 640 113 673 et
143 647 230 673 xcv.
264 632 434 673 alterum
469 632 616 686 Pythia
654 641 695 673 et
735 632 897 675 Nemea
930 633 1206 687 complexum.
1268 630 1455 686 Deposui

70 704 283 747 consilinm
300 721 457 757 meum;
479 705 537 746 uti
556 714 671 747 antea
691 708 741 747 ab
758 705 970 762 Apollonii
991 704 1276 759 Argonauticis
1295 719 1456 745 eorum·

71 795 150 835 que
185 779 362 822 Scholiis
403 780 654 821 recensendis
693 795 951 831 recesseram,
983 788 1024 821 et
1057 795 1105 820 ex
1145 779 1293 833 paratis
1326 776 1455 832 copiis

72 852 293 904 Brunckio,
314 869 401 910 quae
423 854 555 905 vellet,
583 853 784 896 miseram.
846 853 952 896 Cum
988 863 1120 894 tamen
1153 852 1329 895 viderem
1363 859 1457 907 post

70 929 206 984 plures
226 944 350 970 annos
371 945 474 983 opus
501 929 540 970 in
561 929 670 970 incili
691 929 855 979 haerere,
875 936 915 969 et
934 929 995 969 vel
1023 928 1080 968 sic
1107 925 1353 981 exemplaria
1383 941 1454 981 pa-

70 1011 159 1044 ratu
178 1002 311 1044 facilia
332 1012 371 1044 et
398 1003 638 1044 lectionibus
660 1002 853 1045 habendis
873 1002 1017 1044 idonea
1038 1002 1200 1043 deesse:
1232 1000 1338 1054 coepi
1369 998 1455 1054 ipse

70 1076 238 1119 consilia
268 1077 429 1133 antiqua
461 1086 689 1129 retractare,
716 1087 757 1119 et
782 1077 971 1118 constitui
993 1076 1142 1133 duplex
1161 1073 1454 1130 exemplarium

71 1165 196 1204 genus
226 1166 380 1200 curare,
407 1151 575 1191 alterum
594 1151 743 1192 scholis
761 1151 956 1191 habendis
977 1151 1344 1200 accommodatum,
1371 1148 1456 1189 sola

73 1223 222 1264 Graeca
241 1223 516 1276 complexum,
543 1223 710 1264 alterum
740 1238 836 1264 cum
867 1223 1042 1264 Scholiis
1076 1231 1117 1263 et
1151 1237 1288 1264 earum
1320 1236 1454 1263 rerum

71 1305 281 1350 apparatu,
320 1295 466 1350 quibus
509 1295 556 1345 is,
596 1295 665 1349 qui
703 1305 865 1349 poetam
904 1298 1201 1350 interpretatur,
1241 1295 1455 1337 instructus

62 1383 214 1421 magna
239 1367 519 1410 difficultatum
549 1376 589 1408 et
618 1367 893 1409 molestiarum
916 1376 1028 1422 parte
1049 1367 1278 1409 exsolutum
1303 1382 1344 1408 se
1368 1383 1455 1409 esse

67 1441 227 1484 sentiat.

123 1515 221 1558 Jam
252 1514 292 1557 in
320 1514 423 1557 votis
452 1523 551 1567 erat,
583 1524 630 1558 ut
657 1515 795 1558 liceret
814 1532 960 1558 novam
981 1516 1103 1558 totius
1125 1515 1260 1572 operis
1281 1516 1454 1557 formam

66 1590 309 1640 describere,
329 1605 474 1631 novam
497 1590 663 1632 Pindari
691 1590 966 1632 recensionem
996 1606 1151 1645 parare.
1212 1589 1326 1631 Huic
1360 1604 1454 1630 vero

67 1665 236 1707 consilio
275 1667 559 1721 consequendo
602 1665 787 1707 videbam
822 1665 938 1716 vires,
977 1674 1177 1720 tempora,
1209 1672 1382 1715 aetatem,
1414 1671 1454 1704 et

67 1739 209 1791 otium,
230 1741 368 1790 verbo,
384 1739 557 1782 deficere
578 1740 729 1791 omnia,
744 1741 918 1782 necdum
939 1755 989 1781 eo
1011 1755 1096 1781 rem
1117 1740 1331 1780 adductam
1353 1753 1454 1788 esse,

67 1822 112 1856 ut
129 1814 267 1856 critica
288 1814 460 1857 feliciter
485 1814 580 1856 satis
612 1830 658 1856 ac
686 1822 774 1856 tuto
802 1813 980 1855 exerceri
1009 1813 1162 1869 possit3
1193 1813 1455 1869 expendenda

66 1904 112 1930 ac
148 1890 408 1944 praeparanda
443 1904 653 1944 superesse
690 1889 831 1944 plura3
877 1887 1044 1929 omnino
1082 1903 1163 1929 non
1202 1887 1277 1929 nisi
1316 1885 1454 1927 metris

68 1971 254 2005 accurate
275 1962 502 2004 constitutis
533 1963 583 2004 de
623 1971 711 2004 toto
753 1962 932 2005 Pindaro
971 1961 1253 2004 constituendo
1285 1961 1454 2015 cogitari

66 2051 199 2091 posse.
259 2036 383 2083 Quod
415 2035 550 2091 itaque
579 2036 714 2078 animo
747 2039 850 2078 bene
871 2035 1122 2090 designatum
1143 2036 1360 2088 habebam,
1378 2050 1454 2078 nu-

64 2110 187 2152 meris
207 2110 287 2151 suis
316 2111 562 2162 absolutum,
591 2110 708 2152 facile
730 2110 910 2152 intellexi
931 2110 1235 2165 relinquendum
1257 2126 1345 2152 esse
1366 2110 1453 2153 aliis

67 2187 342 2238 felicioribus3
380 2186 479 2227 mihi
520 2196 655 2230 autem
696 2184 967 2240 arripiendum
1005 2200 1093 2226 esse
1128 2183 1359 2236 consilium,
1387 2183 1453 2226 cui

65 2261 321 2316 exsequendo
343 2275 416 2315 par
435 2275 591 2312 essem3
622 2259 696 2302 etsi
727 2260 835 2300 haud
860 2258 1103 2309 nesciebam,
1130 2257 1278 2313 quibus
1298 2257 1455 2300 incom-

62 2335 198 2376 modis
230 2334 330 2376 illud
364 2342 641 2390 premeretur3
682 2333 930 2376 retinendam
964 2332 1070 2374 enim
1105 2331 1205 2373 mihi
1235 2347 1323 2373 esse
1353 2330 1454 2372 anti-

66 2424 189 2465 quam
210 2408 345 2463 operis
365 2397 555 2460 formam,
575 2407 826 2450 retinendum
856 2422 942 2449 esse
972 2406 1089 2449 variae
1120 2405 1303 2448 lectionis
1327 2420 1452 2460 appa-

66 2491 211 2534 ratum,
236 2484 396 2538 qualem
428 2483 564 2538 priore
597 2497 722 2537 opera
756 2480 1029 2532 institueram3
1060 2480 1113 2522 ita
1134 2488 1179 2521 ut
1198 2478 1309 2534 prior
1328 2478 1452 2520 editio

67 2557 211 2598 fundus
247 2571 359 2598 novae
397 2565 515 2608 esset,
550 2556 631 2608 cui,
664 2563 858 2612 quantum
893 2555 1046 2607 liceret,
1078 2570 1182 2596 nova
1211 2563 1252 2595 et
1283 2553 1453 2594 meliora

67 2638 398 2684 superstruerem.
458 2631 552 2672 Nec
584 2640 720 2673 tamen
754 2630 817 2671 vel
850 2629 906 2671 sic
939 2645 1005 2670 me
1034 2629 1133 2670 nihil
1160 2637 1342 2670 acturum
1364 2641 1452 2668 esse

69 2704 217 2756 putavi,
237 2706 270 2744 si
290 2705 330 2746 in
351 2706 614 2757 retractanda,
627 2704 891 2754 emendanda,
911 2714 951 2745 et
975 2703 1258 2759 locupletanda
1276 2701 1450 2743 editione

720 2781 792 2819 bQ.
