1846 3121
368 130 413 184 -6
930 130 1196 186 Praefatio.

375 285 427 327 tis
444 286 602 328 habe'at.
642 286 920 330 Exhilaratum
935 305 1002 332 me
1022 289 1164 341 sentim
1185 289 1218 330 si
1241 304 1360 345 quem
1380 288 1535 332 videam
1560 297 1644 331 tam
1665 288 1753 331 feli·

375 374 481 411 cem,
501 368 546 402 ut
564 361 613 401 de
633 361 741 402 nulla
758 377 815 413 re,
835 378 955 418 quam
981 364 1068 418 ipse
1097 363 1322 418 protulerit,
1356 372 1424 405 aut
1454 363 1540 418 ipse
1573 363 1751 417 ambigat

373 440 444 474 aut
461 435 511 474 ab
531 433 618 475 aliis
638 434 787 489 ambigi
811 451 929 490 posse
948 453 995 479 ae
1015 439 1162 479 debere
1182 447 1354 480 censeat.

431 506 625 549 Ceterum
662 509 713 550 de
750 508 914 551 Pindari
950 511 1277 566 interpretatione
1311 510 1475 552 omnino
1506 510 1559 551 ita
1591 518 1748 551 statuo:

372 593 467 621 cnm
488 581 568 633 ille,
587 591 632 623 ut
652 582 748 634 dixi,
768 592 876 625 recte
895 584 972 637 legi
993 600 1073 626 non
1102 585 1241 640 possit,
1267 584 1339 625 nisi
1361 600 1454 625 cum
1476 599 1592 624 sensu
1612 583 1748 639 aliquo

375 655 426 695 ad
460 654 624 709 lyricum
658 656 841 709 spiritum
877 666 1157 712 attemperato,
1188 658 1371 713 spiritum
1406 657 1519 699 illum
1553 657 1748 711 interpre-

373 728 523 769 tatione
542 729 800 782 grammatica
819 731 924 771 haud
945 731 1065 772 dubie
1086 732 1232 785 frangi;
1263 741 1473 786 antequam
1495 739 1627 771 tamen
1649 746 1746 771 cum

372 817 489 843 sensu
510 802 586 843 isto
612 802 691 856 legi
711 803 777 843 ille
806 804 944 858 possit,
965 806 1222 858 grammatice
1254 814 1417 860 poetam
1444 803 1746 858 intelligendum

368 891 453 917 esse
470 892 480 927 3
511 875 660 931 alioqui
682 876 865 918 notiones
886 880 1089 929 obscuras,
1111 880 1387 933 phantasmata
1407 893 1503 931 vaga
1524 877 1746 933 effrenique

367 949 522 1003 impetu
549 949 715 998 ruentia,
748 950 841 1002 aegri
873 951 1041 1001 somnia,
1068 951 1104 992 ei
1126 952 1282 1005 affingi;
1313 951 1507 1006 expeditis
1528 960 1661 992 autem
1683 949 1746 1001 iis,

366 1038 455 1078 quae
485 1023 727 1077 singularum
760 1024 1039 1066 sententiarum
1076 1025 1375 1079 intelligentiam
1407 1024 1603 1079 impedire
1627 1032 1745 1079 pote-

365 1105 466 1147 rant,
498 1097 777 1138 instituendam
816 1113 901 1138 esse
937 1099 1100 1138 alteram
1140 1097 1369 1149 lectionem,
1408 1114 1502 1139 cum
1538 1099 1670 1138 fructu
1702 1106 1745 1137 et

365 1170 570 1224 voluptate
601 1171 744 1224 saepius
774 1171 1055 1223 repetendam3
1086 1170 1139 1211 ita
1172 1172 1330 1212 tandem
1359 1180 1490 1225 poetae
1521 1185 1639 1211 sensu
1670 1185 1743 1211 nos

365 1243 458 1283 satis
478 1243 655 1283 imbutos
676 1242 799 1282 videri
820 1257 952 1296 posse.

422 1314 470 1355 In
490 1315 615 1356 varias
632 1324 766 1369 partes
787 1316 1016 1358 trahebatur
1032 1315 1200 1366 animus,
1221 1314 1539 1370 quotiescunque
1560 1315 1681 1356 lectio
1702 1324 1743 1356 et

362 1387 500 1429 critica
524 1390 574 1428 ad
601 1403 684 1428 rem
705 1387 913 1429 metricam
933 1404 998 1428 me
1018 1392 1199 1430 vocabat.
1261 1389 1374 1430 Bene
1395 1404 1678 1444 perspexeram
1699 1388 1740 1431 in

364 1462 542 1503 Pindaro
563 1462 622 1501 vel
643 1463 815 1502 maxime
836 1477 924 1502 eam
952 1477 1037 1504 esse
1064 1463 1340 1512 necessariam,
1361 1462 1584 1515 refugiebat
1605 1471 1738 1504 tamen

362 1536 530 1585 animus,
564 1535 722 1590 quoties
759 1537 807 1576 ad
845 1551 933 1577 eam
972 1537 1162 1577 accedere
1197 1535 1510 1585 constitueram;
1550 1534 1738 1577 videbam

362 1609 468 1650 enim
491 1625 574 1650 rem
595 1625 680 1651 esse
700 1625 788 1664 quae
809 1611 979 1651 multum
1001 1608 1071 1650 otii
1093 1618 1132 1649 et
1161 1608 1282 1650 studii
1314 1607 1390 1649 sibi
1418 1608 1664 1662 postularet;
1695 1616 1738 1649 at

361 1683 528 1723 alterum
561 1683 659 1724 mihi
693 1685 841 1733 deerat,
873 1684 1055 1732 alterum,
1086 1691 1226 1736 utpote
1263 1681 1303 1722 in
1336 1681 1563 1723 subtilitatis
1593 1696 1738 1735 genere

359 1755 552 1809 positum,
583 1757 689 1811 quod
722 1772 814 1799 cum
851 1759 969 1798 rebus
1004 1755 1100 1810 ipsis
1134 1764 1174 1796 et
1203 1754 1407 1796 sententiis
1439 1770 1580 1809 parum
1614 1756 1738 1797 habet

359 1829 620 1881 cognationis,
653 1833 702 1870 ab
733 1830 891 1884 ingenio
923 1845 1015 1870 meo
1046 1829 1109 1870 vix
1140 1838 1377 1884 extorquere
1409 1838 1608 1884 poteram.
1666 1829 1736 1870 In-

358 1910 466 1942 certa
486 1902 668 1943 videbam
696 1912 886 1958 praeterea
914 1903 1131 1957 pleraque:
1163 1906 1213 1944 ab
1235 1902 1525 1957 antiquioribus
1556 1901 1654 1943 nihil
1683 1904 1735 1944 ad

358 1990 431 2016 nos
460 1977 509 2017 de
542 1977 615 2018 hac
651 1978 832 2019 doctrina
870 1993 1063 2028 manasse,
1097 1993 1146 2018 ne
1175 1978 1225 2018 ab
1245 1976 1526 2018 Alexandrinis
1546 1976 1734 2032 quidem;

357 2049 425 2103 qui
447 2059 592 2101 tamen,
613 2060 803 2105 quantum
825 2066 1028 2106 assequor,
1061 2051 1136 2106 ipsi
1166 2066 1240 2092 nec
1272 2051 1448 2092 studium
1478 2051 1535 2091 rei
1556 2050 1731 2093 metricae

355 2122 526 2176 antiquae
547 2138 619 2164 nec
646 2123 826 2164 notitiam
846 2125 1045 2175 habuere;
1077 2140 1123 2165 ea
1151 2134 1301 2175 antem,
1332 2138 1420 2180 quae
1454 2139 1477 2164 a
1515 2123 1731 2166 serioribus

355 2196 624 2249 grammaticis
657 2198 837 2251 profecta
871 2206 975 2248 sunt,
1004 2213 1106 2238 nova
1131 2214 1216 2240 esse
1237 2206 1480 2247 commenta,
1500 2197 1732 2238 nominibus

355 2284 401 2310 ac
431 2269 598 2310 vocibus
629 2271 792 2324 pedum,
824 2262 1036 2322 versuum}
1052 2281 1092 2314 et
1120 2281 1339 2313 metrorum
1361 2273 1598 2321 obscurata;
1627 2270 1730 2311 anti-

353 2341 541 2398 quiorum
576 2358 659 2384 rem
699 2343 904 2385 metricam
939 2347 1194 2402 conjunctam
1229 2347 1350 2387 fuisse
1381 2360 1473 2387 cum
1504 2343 1657 2386 musica
1687 2351 1729 2385 et

355 2415 577 2466 saltatione,
614 2416 911 2474 chororumque
955 2419 1070 2461 variis
1115 2420 1352 2474 generibus;
1397 2418 1602 2460 enimvero
1639 2417 1725 2459 haec

353 2488 489 2529 omnia
508 2488 704 2542 ignorari;
735 2505 856 2544 porro
875 2491 1008 2532 choris
1029 2509 1074 2534 ea
1095 2493 1237 2535 tradita
1253 2494 1374 2535 fuisse
1390 2494 1473 2535 sine
1489 2498 1727 2543 metrorum,

352 2576 425 2615 per
455 2562 600 2612 literas,
631 2562 788 2616 signave
821 2573 888 2603 aut
921 2564 1096 2616 nomina,
1125 2567 1385 2622 praescripto;
1426 2565 1496 2606 sed
1533 2563 1622 2605 solo
1655 2578 1726 2604 ex-

352 2634 488 2688 emplo
508 2636 718 2689 praeeuntis
749 2646 880 2690 poetae
915 2646 954 2678 et
983 2639 1167 2693 choragi:
1199 2640 1308 2695 atqui
1328 2655 1388 2690 ea,
1410 2652 1497 2694 quae
1518 2636 1605 2677 solo
1626 2650 1725 2677 ocu-

350 2707 482 2748 lorum
516 2705 748 2765 auriumque
782 2725 898 2751 sensu
936 2713 1124 2765 cognosci
1164 2722 1269 2755 recte
1301 2721 1481 2768 possunt,
1515 2711 1726 2767 quomodo
