1846 3121
638 90 907 143 Praefatio.
1395 98 1463 146 31

82 244 169 292 ipsis
187 241 474 289 commentariis,
491 242 571 290 qui,
593 243 661 278 etsi
680 245 718 280 in
739 245 780 280 iis
801 245 920 281 multa
938 244 1108 292 vulgaria
1126 247 1362 283 accumulata
1379 248 1470 295 sint,

83 315 190 349 bonae
211 317 333 348 tamen
353 312 472 360 frugis
493 313 608 360 pleni,
629 318 668 348 et
688 315 873 360 praeclaro
897 314 1026 360 aliquo
1045 314 1222 361 exemplo
1239 315 1292 349 ita
1308 315 1472 352 instituti

78 386 180 428 sunt,
211 387 255 417 ut
284 383 411 431 lyrica
433 382 556 418 oratio
589 383 714 418 verbis
739 384 961 430 vulgaribus
986 380 1138 419 Graecis
1167 383 1393 430 illustretur,
1424 394 1472 420 ex

77 448 311 489 scholiorum
329 453 408 488 fere
424 458 613 500 apparatu
631 465 710 490 non
730 453 808 488 sine
822 452 969 500 judicio
989 453 1202 499 excerptis3
1234 455 1278 487 ut
1296 452 1367 488 hac
1385 453 1470 498 qui-

76 516 160 558 dem
178 528 301 570 parte,
323 535 408 569 quae
435 516 713 560 enarrationem
741 523 892 570 attinet,
914 522 1103 559 Schmidio
1132 522 1244 569 longe
1263 520 1469 568 praeferen-

74 591 163 626 dum
193 592 365 628 arbitrer.
421 591 491 628 Sed
520 604 589 628 nec
618 593 729 628 codd.
758 592 923 640 scriptiS,
954 592 1058 638 qnod
1076 591 1194 627 videri
1211 591 1348 637 voluit,
1382 602 1469 627 usus

75 664 145 706 est,
166 673 234 696 nec
253 665 473 697 contextum
494 661 540 697 ad
561 661 673 696 metri
698 674 868 698 normam
899 663 1150 697 examinatum
1180 661 1371 697 restituit:
1403 661 1470 697 sed

74 729 352 767 Schmidianum
382 733 574 778 exemplar
608 731 827 778 exscripsit3
858 731 927 766 etsi
956 742 1112 778 operam
1132 730 1214 778 jam
1245 730 1293 766 ad
1322 728 1471 767 Nemea

74 791 294 847 pei-ductam
315 802 429 838 fuisse
447 804 592 850 narrat,
615 813 701 837 cum
719 800 813 836 illud
830 801 1113 836 nascisceretur.

75 864 245 907 Pindari
263 860 328 907 ΟΖ.
347 870 397 908 P.
415 870 468 908 N.
492 870 524 908 I.
549 870 698 919 Groe'ce,
727 871 947 920 sumptibus-
969 866 1013 907 G
1032 867 1207 917 Morem,
1235 866 1471 918 typographi

155 931 286 988 Regii.
346 939 467 977 Paris.
495 944 609 977 1623.
633 944 669 977 8.

127 1008 294 1046 Tantum
323 1023 369 1047 ex
398 1010 626 1059 Maittairio,
649 1014 742 1047 tom.
764 1010 816 1046 iii.
847 1007 891 1045 Ρ.
911 1009 936 1045 ἰ.-
957 1021 996 1057 p.
1019 1006 1110 1047 882.
1139 1009 1187 1046 de
1213 1020 1257 1045 ea
1285 1011 1435 1046 constat
1453 1021 1465 1045 ε

74 1084 117 1116 ut
136 1085 173 1116 et
191 1081 236 1116 de
251 1093 309 1126 ea,
330 1093 413 1127 quae
434 1082 627 1127 sequitur:

75 1143 243 1185 Pindari
265 1148 460 1198 Olfflnpia,
492 1148 638 1186 Latino
658 1143 826 1185 carmine
855 1148 1008 1185 reddita
1029 1160 1101 1196 per
1130 1145 1220 1185 Nic.
1239 1146 1464 1185 Sadorium.

155 1208 381 1267 Szemplibus
400 1220 518 1266 ejusd.
540 1220 623 1255 cod.
644 1226 769 1254 auno,
836 1224 854 1227 ’“

76 1285 139 1323 Ex
160 1285 329 1324 Pindari
355 1289 437 1324 odis
464 1292 647 1336 excerpta:
676 1287 913 1335 genealogice
938 1288 1160 1335 principum
1183 1289 1324 1324 veteris
1350 1285 1464 1325 G'roe-

151 1358 231 1402 ce'oe‘,
248 1368 399 1403 gnomoe
425 1355 610 1401 illustres,
631 1360 700 1392 etc.
722 1356 847 1391 studio
868 1354 1031 1392 flavidis
1055 1353 1236 1406 Chytroez'.
1273 1355 1462 1395 Rostoch.

157 1426 270 1460 1695.
293 1428 329 1461 8.

125 1493 230 1531 Male
249 1495 320 1531 hoc
337 1507 348 1540 3
379 1504 466 1531 nam
485 1496 586 1532 libro
602 1507 705 1532 nunc
725 1496 899 1542 inspecto
917 1494 1027 1531 video
1048 1504 1110 1531 an.
1128 1497 1253 1532 1596.
1275 1508 1463 1544 reponen-

71 1564 159 1601 dum
177 1551 268 1601 esse.
336 1567 337 1570 ’

122 1634 353 1671 Perventum
372 1633 428 1672 est
447 1637 493 1671 ad
512 1635 780 1687 oxoniensem,
801 1637 1026 1673 curantibus
1045 1634 1160 1674 Rich.
1180 1633 1287 1673 Wesc
1304 1640 1342 1673 et
1360 1633 1463 1672 Rob.

75 1701 255 1740 Welstecl.
281 1706 395 1741 1697.
417 1704 486 1739 fol.
534 1702 763 1740 Modestiam
781 1708 820 1740 et
839 1704 1054 1751 aequitatem
1073 1704 1242 1740 virorum
1261 1704 1465 1741 doctorum

69 1774 180 1812 facile
198 1775 336 1822 probes
354 1787 364 1820 ;
395 1774 539 1811 etiamsi
557 1775 742 1811 doctrinae
760 1774 1022 1821 subtilitatem,
1042 1775 1214 1810 criticum
1233 1786 1406 1822 acumen,
1427 1778 1466 1811 et

70 1846 268 1881 subactum
290 1845 328 1881 in
357 1845 595 1881 admittendis
615 1846 672 1881 vel
702 1844 912 1891 rejiciendis
937 1844 1317 1891 interpretationibus
1345 1847 1383 1881 et
1409 1844 1464 1880 le..

69 1915 260 1951 ctionibus
289 1915 512 1951 aestimandis
532 1914 716 1950 desideres
745 1914 949 1962 ingenium.
988 1913 1154 1949 Textum
1185 1913 1466 1951 Schmidianum

70 1984 220 2030 sequuti
240 1989 341 2031 suut,
364 1986 451 2030 m'sz',
473 1984 666 2031 inquiunt,
689 1986 843 2020 numeri
858 1985 1054 2031 carminis,
1075 1988 1145 2020 aut
1171 1983 1320 2033 aliquid
1339 1983 1463 2030 aliud,

70 2054 338 2090 reclamarent.
396 2053 467 2090 Sed
499 2054 693 2091 fatendum
723 2058 792 2102 est,
824 2067 893 2091 nec
925 2055 1134 2103 lyricorum
1162 2058 1371 2091 metrorum
1400 2067 1463 2093 ra.

69 2110 206 2171 tiones,
229 2135 298 2160 nce
316 2121 526 2159 Pindaricae
547 2124 727 2160 orationis
748 2124 911 2161 indolem
929 2125 1031 2160 viros
1054 2125 1382 2172 praestantissimos
1401 2136 1462 2163 sa-

71 2196 117 2230 tis
137 2206 214 2230 esse
242 2197 478 2240 assequutus,
500 2197 536 2229 et
565 2194 679 2229 modo
707 2194 914 2241 damnasse,
935 2206 1017 2241 quae
1038 2196 1214 2244 retinere,
1236 2195 1351 2233 modo
1371 2196 1462 2232 reti-

71 2265 209 2311 nuisse,
232 2277 314 2310 quae
344 2263 522 2299 damnare
548 2263 748 2299 debebant.
806 2262 943 2309 Itaque
960 2263 1150 2300 interdum
1176 2265 1266 2301 mihi
1289 2265 1370 2312 ipse
1387 2265 1463 2301 dis-

71 2335 202 2382 plicui,
224 2334 328 2381 quod
356 2345 434 2369 non
461 2334 508 2368 ab
529 2333 637 2369 initio
657 2333 781 2370 statim
802 2334 982 2369 lectiones
1002 2345 1199 2381 perperam
1221 2336 1268 2371 ab
1287 2335 1359 2370 illis
1375 2346 1460 2371 mu.

72 2409 167 2440 tatas
198 2405 391 2440 eliminare
423 2404 460 2439 in
488 2403 654 2439 animum
682 2403 916 2440 induxeram.
975 2402 1176 2441 Variantes
1204 2404 1384 2440 lectiones
1412 2415 1460 2440 ex

71 2472 305 2509 Schmidiana
331 2473 496 2509 editione
525 2474 799 2521 repetiverunt,
828 2474 919 2510 alias
937 2473 1176 2518 addiderunt,
1197 2485 1275 2509 non
1294 2473 1459 2521 quidem,

71 2544 174 2589 quod
201 2545 283 2590 quis
312 2544 553 2592 expectabat,
574 2545 736 2591 antiquis
762 2544 847 2580 edd.
869 2543 1031 2579 excussis
1050 2546 1088 2580 et
1106 2542 1360 2590 comparatis:
1390 2542 1462 2579 etsi

74 2623 117 2646 etr
143 2614 337 2660 impressis
364 2613 542 2661 plurimis
572 2613 653 2650 edd.
683 2614 901 2651 varietatem
931 2613 1104 2649 lectionis
1135 2612 1291 2660 petitam
1316 2623 1459 2649 memo·-
