1846 3121
621 345 1066 403 ΠὙΘΙΑ.

708 539 832 601 Εἶδος
869 544 934 602 β’.

337 719 487 791 ΤΩ
539 724 822 798 ΑὙΤΩ
879 727 1293 800 ΙΕΡΩΝΙ,

717 920 912 951 ΑΡΜΑΤΙ.

602 1208 887 1249 ARGUMEN
891 1212 1028 1251 TUM.

115 1300 230 1355 AD
264 1314 477 1366 Syracusas
508 1326 722 1353 conversus
751 1324 873 1366 poeta
895 1330 937 1354 se
958 1316 1015 1356 eis
1035 1317 1228 1370 hymnum
1252 1320 1354 1360 ferre
1377 1335 1500 1374 prop„

112 1379 173 1410 ter
190 1368 383 1410 Hieronis
405 1367 611 1408 victoriam
635 1369 816 1409 curulem
839 1371 991 1411 nuntiat
1009 1379 1148 1421 3—23.
1166 1376 1302 1415 deberi
1324 1376 1497 1419 Hieroni

110 1426 300 1477 hymnum
331 1432 497 1477 propter
517 1437 674 1463 summa
695 1424 765 1463 viri
789 1426 954 1466 merita:
987 1429 1097 1480 quod
1130 1429 1300 1470 illustrat
1333 1434 1497 1488 antiqno

108 1480 262 1522 Ixionis
294 1481 418 1530 dicto,
450 1479 517 1534 qui
549 1479 689 1532 ingrati
722 1480 843 1520 animi
876 1496 1015 1535 poenas
1040 1483 1127 1524 luit.

1187 1485 1287 1525 Inde
1317 1502 1340 1526 a
1369 1504 1403 1528 v.
1427 1495 1497 1536 89.

106 1538 320 1579 sententias
349 1535 576 1592 subjungit,>
596 1535 742 1590 quibus
773 1538 1042 1579 narrationem
1074 1539 1222 1591 firmet,
1255 1550 1296 1581 et
1322 1558 1345 1583 a
1366 1559 1402 1584 v,
1423 1547 1494 1590 96.

106 1609 149 1635 se
186 1597 237 1635 ab
279 1592 504 1648 opprobrio
545 1592 838 1634 maledicentiae
880 1594 920 1635 in
958 1595 1124 1637 heroem
1159 1607 1317 1652 purgat.

1393 1599 1495 1642 Inde

105 1666 144 1692 v.
170 1658 262 1693 101.
283 1652 334 1692 ad
362 1648 558 1691 Hieronis
590 1649 727 1690 laudes
764 1651 1042 1704 progreditur:
1074 1653 1289 1708 contigisse
1319 1655 1357 1696 ei
1387 1657 1494 1712 sapi-

104 1707 256 1751 entiam
294 1722 388 1749 cum
427 1705 582 1747 virtutis
622 1714 662 1746 et
699 1707 870 1749 fortunae
911 1709 1041 1751 bonis,

102 1764 271 1807 consilia
288 1773 328 1807 et
348 1763 501 1806 monita
521 1762 741 1818 subjungit.

1118 1710 1160 1752 A
1188 1726 1224 1752 v.
1262 1718 1354 1755 1¹25.
1384 1715 1492 1756 bona

655 1894 692 1926 Σ.
709 1889 754 1924 α’.
799 1895 840 1926 Κ.
858 1887 907 1924 ιε’.

246 1971 780 2029 ΜΕΓΑΛΟΠΟΛΙΕΣ
806 1978 843 2026 ὦ
867 1975 1007 2047 Συρά-

319 2072 470 2107 κοσαι,
497 2047 817 2117 βαθυπολὲμὸ

152 2185 304 2231 Quibus
347 2188 444 2226 ludis
481 2187 640 2224 victoria
675 2186 757 2223 haec

97 2241 257 2287 eurulis,
294 2253 380 2278 nam
426 2241 597 2279 curulem
640 2239 756 2277 fuisse

97 2293 266 2330 dubitari
301 2296 447 2342 nequit,
477 2298 590 2342 parta.
624 2293 754 2336 fuerit,

94 2347 294 2394 disputant
317 2347 551 2396 grammatici
575 2347 624 2383 ad
649 2360 685 2383 v.
717 2350 752 2383 9.

95 2396 156 2436 Ex
187 2411 273 2437 voc.
308 2399 437 2442 πώλους
465 2413 502 2436 v.
541 2403 603 2436 19.
637 2399 754 2438 nolim

92 2457 357 2500 argumentum
377 2457 531 2502 petere3
553 2465 638 2492 nam
660 2465 752 2501 poe-

94 2505 168 2543 tice
195 2518 268 2554 pro
294 2507 393 2548 ἵππος
425 2507 581 2544 omnino
613 2507 753 2544 dicitur

95 2568 207 2606 saepe.
249 2557 414 2596 Constat
432 2564 534 2597 certe
551 2561 650 2597 inter
669 2572 748 2610 eos,

94 2608 290 2658 Pythicam
305 2625 383 2649 non
397 2613 526 2662 fuisse,
542 2617 582 2652 et
600 2625 749 2651 carmen

94 2663 244 2701 aliunde
267 2666 392 2703 alieno
417 2667 505 2704 loco
529 2678 607 2704 esse
631 2668 749 2705 inser-

93 2718 188 2752 tum.
255 2716 394 2756 Thebis
429 2719 544 2757 fuisse
580 2721 747 2770 missum,

823 2200 973 2225 carmen
1007 2192 1240 2240 ἔπιςολιμοιῖον,
1269 2206 1292 2231 e
1323 2205 1358 2231 v.
1388 2198 1425 2232 6.
1445 2201 1485 2234 et

826 2244 842 2276 l
852 2245 868 2277 1
878 2245 914 2278 5.
929 2243 1152 2290 intelligitur
1168 2256 1178 2288 ;
1209 2246 1318 2295 cujus
1337 2250 1483 2296 generis

822 2297 945 2331 tamen
973 2296 1080 2333 fuere
1108 2297 1218 2344 plura
1236 2300 1274 2335 in
1294 2301 1367 2337 hoc
1397 2303 1483 2350 ipso

821 2348 1025 2386 volumine.
1065 2348 1190 2394 Quam
1210 2351 1387 2391 idoneum
1406 2356 1483 2392 tale

821 2402 992 2438 carminis
1009 2415 1126 2450 genus
1145 2404 1193 2439 sit
1210 2405 1337 2454 lyricae
1358 2410 1478 2456 poesi,

819 2455 989 2500 equidem
1013 2468 1090 2492 non
1111 2457 1244 2494 dicam.
1304 2457 1414 2497 Inter
1424 2464 1479 2506 ἐνγ-

818 2504 925 2555 κῶμιω
956 2509 1070 2545 fuisse
1102 2511 1314 2557 suspicetur
1345 2513 1478 2562 aliquis

817 2571 863 2595 ex
882 2573 917 2597 v.
937 2565 1000 2599 24.
1015 2574 1097 2609 sqq.
1136 2562 1199 2599 Ad
1216 2576 1249 2600 v.
1272 2568 1359 2604 127.
1375 2568 1476 2617 ὑπος-

816 2617 1001 2661 χηματικὸν
1011 2616 1101 2652 facit
1112 2620 1374 2663 grammaticus
1386 2632 1398 2665 3
1412 2620 1474 2656 fu-

815 2676 878 2701 ere
897 2673 1022 2705 autem
1045 2668 1199 2707 Pindari
1222 2672 1468 2721 ὖπορχῆματοιε

815 2718 890 2754 vid.
913 2718 1155 2772 Fragmenta,
1178 2735 1217 2772 p.
1239 2726 1304 2762 26.
1331 2736 1411 2774 sqq.
1434 2728 1472 2763 et

833 2775 858 2808 2
873 2781 898 2808 Α
