1846 3121
551 367 1000 429 ΠΤΘΙΑ.

651 564 776 624 Effiog
815 563 872 617 ς’.

39 757 685 839 ΞΕΝΟΚΡΑΤΕΙ
721 759 1371 836 AKPAPANTIN
1375 759 1477 850 Ω,

441 1163 1096 1183 ’ν--Φ--ᾕ

561 1329 990 1368 ARGUMENTUM.

80 1400 132 1454 A
150 1414 190 1456 D
211 1413 511 1466 Thrasybulum
533 1428 723 1453 conversa
745 1423 835 1454 sunt
855 1423 988 1466 poetae
1009 1415 1156 1464 verba;
1187 1429 1279 1455 eum
1300 1414 1467 1458 victoria

80 1471 223 1522 Pythia
244 1471 406 1510 laudum
429 1469 569 1522 copias
592 1471 802 1521 praeclaras
831 1469 907 1509 sibi
939 1483 1099 1522 parasse
1129 1485 1222 1510 cum
1243 1470 1468 1511 victoria-

81 1531 142 1567 lss.
173 1535 259 1566 tum
291 1526 440 1579 pietate
471 1540 510 1565 m
546 1535 776 1578 parentem3
806 1540 885 1579 qua
906 1525 1131 1567 Antilocho
1163 1525 1353 1566 Nestoris
1381 1527 1468 1568 filio

76 1588 465 1635 comparatur—45.
523 1582 629 1622 Aliae
650 1583 737 1638 ejus
757 1582 908 1623 laudes.

626 1710 663 1742 Σ.
681 1705 727 1742 α’.
769 1711 810 1743 Κ.
828 1703 873 1741 θ’.

231 1784 584 1842 AKOTZAT'·
623 1794 651 1849 ἦ
677 1789 768 1860 γοῖξ
792 1788 1055 1850 ἑλικώπιδος
1076 1792 1340 1860 Ἀφροδίτας

218 1864 427 1935 ''Apoueocv
453 1863 481 1922 vi
504 1866 702 1933 Χαρίτων
723 1864 1066 1932 οἷναπολίζομεν,

137 1999 350 2048 Inscriptus
376 2005 434 2037 est
460 2000 623 2049 hymnus
644 1999 857 2037 Xenocrati
876 2001 1036 2045 victor-ig
1068 2001 1133 2047 qui
1151 1999 1338 2039 Theronis
1357 2002 1474 2052 Agri.

82 2054 226 2102 gentini
252 2053 371 2089 frater
399 2053 498 2089 suit:
531 2053 599 2100 (de
626 2065 703 2099 quo
733 2052 797 2089 Ol.
817 2055 855 2090 ii.
880 2056 943 2090 89.
966 2054 1030 2088 ubi
1048 2065 1084 2089 v.
1106 2053 1255 2102 Schol.)
1312 2055 1360 2092 In
1388 2058 1475 2105 ipso

84 2107 249 2143 carmine
269 2110 385 2154 poeta
401 2103 684 2154 Thrasybulum
710 2105 826 2143 filium
851 2107 1020 2153 appellat
1038 2106 1219 2143 victorem
1239 2109 1297 2155 (v.
1323 2113 1386 2145 15.
1409 2112 1472 2145 19.

83 2160 188 2207 sqq.)
208 2171 252 2196 ac
281 2159 447 2195 celebrat
463 2170 473 2202 3
505 2158 596 2193 nihil
626 2159 672 2194 de
702 2163 822 2206 patre,
844 2159 905 2195 sed
927 2159 972 2194 de
999 2158 1064 2195 filii
1094 2159 1233 2206 pietate
1259 2161 1296 2197 in
1326 2166 1474 2208 patrem

85 2217 281 2249 memorat.
340 2209 455 2248 Unde
473 2211 511 2246 in
532 2222 613 2247 eam
633 2211 851 2258 opinionem
870 2212 1056 2258 descendi,
1078 2216 1121 2247 ut
1147 2224 1366 2258 persuasum
1385 2214 1477 2251 mihi

85 2263 257 2312 habeam,
279 2263 560 2313 Thrasybulum
579 2264 760 2300 victorem
791 2265 956 2311 parentis
982 2265 1137 2300 victoris
1162 2277 1296 2301 nomen
1325 2277 1348 2302 a
1375 2278 1476 2313 prae-

86 2329 182 2354 cone
200 2317 443 2365 pronuntiari
467 2315 634 2364 jussisse.
693 2315 757 2352 Ita
783 2318 879 2354 bene
905 2317 1032 2352 omnia
1057 2328 1095 2353 se
1123 2317 1275 2354 habent.
1319 2316 1384 2355 Cf.
1403 2318 1474 2356 inf.

141 2432 212 2472 Est
228 2435 303 2472 hoc
321 2447 474 2471 carmen
501 2433 628 2471 multis
658 2433 752 2470 diffi.
820 2445 850 2471 s.
879 2437 917 2471 2.
947 2446 986 2482 p.
1020 2436 1083 2471 37.
1111 2446 1167 2480 sq.
1189 2438 1227 2471 et
1254 2433 1477 2483 Mingarell.

88 2487 295 2526 cultatibus
316 2489 539 2535 obseptum,
556 2499 640 2534 quae
663 2499 752 2535 par·
820 2486 1010 2524 versuum
1038 2487 1224 2535 cujusque
1250 2488 1416 2536 strophae
1436 2492 1476 2527 2.

90 2542 156 2578 tim
188 2552 212 2577 a
243 2553 284 2578 re
316 2541 474 2578 metrica
502 2539 752 2588 proficiscun-
822 2545 861 2576 et
887 2542 926 2577 4.
954 2544 1115 2576 metrum
1143 2541 1328 2577 incertum
1356 2541 1476 2580 aiunt.

91 2598 170 2638 tur,
193 2595 331 2642 partim
351 2595 400 2630 ab
420 2593 752 2642 interpretatione.
822 2592 972 2629 Dawes.
1012 2593 1108 2629 miro
1143 2593 1315 2630 acumine
1349 2606 1480 2632 versus

91 2644 207 2689 Quod
225 2648 275 2683 ad
294 2647 402 2684 istam
423 2646 574 2693 attinet,
595 2645 755 2683 desuda-
822 2649 863 2693 2,
902 2648 941 2693 3,
971 2647 1010 2682 4.
1037 2645 1077 2681 in
1107 2646 1282 2682 omnibus
1312 2647 1478 2695 strophis

94 2701 186 2735 r'unt
212 2698 251 2734 in
282 2711 327 2736 ea
354 2703 444 2746 post
469 2697 698 2736 Schmidium
717 2703 757 2735 et
822 2699 924 2735 exire
943 2699 981 2734 in
1001 2698 1183 2747 syllabam
1203 2699 1369 2747 brevem,
1390 2700 1480 2736 reli.

94 2748 294 2788 Pauwium
328 2750 478 2789 Dawes.
508 2750 623 2788 Misc.
656 2749 754 2789 Crit.
823 2762 918 2798 quos
935 2762 1066 2788 versus
1092 2763 1220 2789 omnes
1238 2751 1278 2789 in
1297 2753 1482 2802 syllabam
