1846 3121
657 109 928 164 Pr'aefatio.
1407 122 1480 174 37

93 264 309 305 recensibus
326 263 521 313 feruntur,
539 266 700 302 multum
730 265 956 302 tribuimus:
987 276 1066 302 esse
1096 268 1221 302 tamen
1256 269 1483 307 recentiores

93 333 248 372 Pindari
268 335 415 371 codices
434 347 579 383 omnes,
600 334 746 381 liquido
764 338 938 382 apparet.

143 403 318 441 Medicea
337 417 471 442 novem
491 405 653 451 scriptos
674 403 821 440 codices
841 404 968 451 habet,
990 415 1086 450 quos
1104 415 1127 439 a
1146 401 1334 440 Bandinio
1351 404 1402 441 V.
1419 405 1480 442 Cl.

92 474 132 511 in
151 473 340 523 Catalogo
360 474 484 511 Codd.
514 473 614 510 Bibl.
644 472 786 510 Medic.
817 477 910 510 tom.
942 474 980 509 ii.
1010 486 1049 521 p.
1071 477 1136 521 81,
1161 477 1251 521 128,
1276 477 1364 519 178,
1391 478 1481 522 195,

95 545 187 588 196,
212 546 302 591 197,
323 546 417 588 202,
439 546 533 591 203,
555 545 648 580 209.
680 547 994 580 commemoratos
1025 543 1152 579 videre
1181 543 1281 579 licet.
1341 543 1483 581 Omnes

92 620 184 651 sunt
215 617 456 663 recentiores,
483 620 522 653 et
554 617 724 664 plerique
742 612 999 651 voluminibus
1025 613 1151 649 iisdem
1173 613 1284 658 plura
1301 613 1373 648 alia
1391 626 1426 649 v.
1447 626 1480 650 c.

92 681 301 732 Euripidis,
321 683 491 729 Hesiodi,
513 689 585 721 etc.
606 685 927 732 complectuntur.
983 680 1163 724 Quatuor
1191 680 1372 729 Olympia
1400 687 1484 718 tan-

90 755 172 788 tum
192 765 277 791 cum
296 754 445 793 scholiis
465 754 659 798 exhibent,
680 753 779 790 Sect.
800 753 876 789 xiv.
898 764 961 787 xv„
983 751 1059 786 xvi.
1082 751 1227 798 scripti,
1253 751 1355 797 iique
1373 751 1483 786 char-

93 821 204 868 tacei,
221 833 300 858 uno
314 823 545 872 bombycino
561 827 736 870 excepto.
767 821 949 870 Olympia
967 825 1004 858 et
1025 820 1164 871 Pythia
1181 822 1273 868 duo,
1295 821 1388 858 Saec.
1404 822 1480 859 xiv.

92 891 240 938 scripti,
261 891 357 927 alter
376 892 525 939 quidem
554 893 822 941 bombycinus,
858 904 943 928 cum
974 891 1122 927 scholiis
1151 894 1190 926 et
1216 891 1345 938 glossis
1365 892 1482 927 inter.

93 959 315 1007 linearibus,
336 961 399 996 sed
419 961 457 996 in
478 959 592 1009 Pyth.
613 961 747 1007 quinta
763 960 950 997 deficIens.
1009 959 1173 995 Restant
1200 960 1291 1007 duo,
1314 961 1379 1007 qui
1399 973 1483 998 cum

94 1026 285 1076 Olympiis
315 1032 354 1064 et
384 1027 533 1078 Pythiis
563 1029 674 1065 etiam
705 1028 852 1066 Nemea
881 1033 918 1065 et
949 1028 1107 1065 Isthmia
1134 1029 1357 1065 continent:
1389 1031 1484 1066 alter

94 1095 399 1134 membranaceus
419 1098 512 1134 Saec.
533 1099 608 1134 xvi.
629 1099 708 1135 sine
735 1099 899 1144 scholiis,
921 1100 1017 1135 alter
1046 1099 1265 1135 chartaceus
1293 1098 1386 1135 Saec.
1406 1100 1483 1136 xiv.

97 1176 182 1201 cum
211 1165 376 1213 scholiis,
406 1178 489 1212 quae
522 1177 640 1212 usque
667 1167 714 1201 ad
741 1166 850 1204 finem
879 1168 1019 1203 ultimae
1048 1166 1233 1204 Isthmicae
1255 1170 1481 1216 procedunt,

98 1238 258 1281 uterque
275 1246 359 1270 cum
380 1245 417 1269 x.
438 1234 621 1277 versibus,
642 1233 688 1269 de
705 1235 841 1280 quibus
859 1248 893 1269 v.
915 1236 961 1270 ad
981 1237 1073 1271 calc.
1091 1234 1348 1273 Isthmiorum.
1387 1236 1483 1273 Sub.

92 1302 196 1349 jecta
226 1301 394 1338 Pindaro
427 1305 516 1337 sunt
549 1303 585 1336 in
618 1306 783 1348 utroque
815 1305 1006 1339 volumine
1033 1304 1133 1348 alia3
1167 1304 1207 1340 in
1234 1306 1300 1341 illo
1330 1305 1484 1343 Hesiodi

97 1370 229 1419 Opera
247 1376 284 1407 et
302 1370 390 1407 Dies
407 1384 417 1416 3
448 1372 485 1406 in
506 1371 580 1406 hoc
599 1370 842 1417 Theocritus,
863 1369 1101 1419 Lycophron
1121 1376 1159 1408 et
1181 1374 1266 1409 alia.
1324 1373 1384 1410 Ex
1402 1388 1483 1411 om.

95 1441 205 1476 nibus
237 1440 292 1476 his
326 1440 436 1477 codd.
467 1441 598 1477 saltem
625 1440 758 1477 ultimo
791 1442 879 1476 loco
909 1445 1155 1476 memoratum
1185 1443 1397 1479 accuratius
1426 1445 1483 1480 in-

93 1512 265 1556 spectum
284 1521 362 1546 esse
379 1509 526 1546 vellem.

147 1577 196 1615 In
215 1578 405 1617 Vaticana
433 1580 595 1627 primum
624 1578 780 1616 Pindari
809 1578 991 1628 Olympia
1019 1590 1102 1615 cum
1132 1580 1298 1628 scholiis,
1319 1583 1400 1617 tum
1420 1594 1483 1618 ea.

94 1647 177 1685 dem
206 1648 285 1684 sine
316 1648 494 1694 scholiis3
532 1649 659 1685 decem
689 1648 791 1685 Odas
822 1649 970 1696 (nescio
999 1660 1046 1684 an
1083 1647 1373 1698 Olympiorum)
1399 1662 1484 1687 cum

95 1717 272 1763 scholiis3
303 1729 423 1764 porro
450 1719 638 1766 integrum
667 1718 870 1756 Pindarum
886 1732 897 1764 3
928 1723 1008 1755 tum
1037 1718 1290 1766 fragmentum
1308 1733 1355 1756 ex
1373 1721 1486 1757 bibli-

96 1789 232 1825 otheca
250 1788 364 1825 Alex.
386 1788 532 1825 Patavii
549 1802 560 1834 3
592 1789 724 1838 (cujus
743 1790 837 1825 alius
856 1790 976 1825 codex
995 1787 1148 1825 Pindari
1166 1789 1211 1824 ad
1232 1788 1283 1825 Is.
1306 1788 1485 1827 Vossium

91 1862 132 1898 et
148 1858 235 1895 hinc
248 1859 287 1895 in
301 1859 568 1896 bibliothecam
584 1857 805 1896 Leidensem
825 1859 1040 1906 pervenit;)
1063 1870 1181 1905 porro
1196 1856 1349 1895 Pindari
1366 1871 1485 1906 opera

95 1941 180 1965 cum
198 1931 324 1964 vetere
342 1927 565 1977 Scholiasta,
587 1941 607 1965 e
626 1929 802 1965 biblioth.
820 1928 974 1976 Reginae
995 1926 1150 1973 Sueciae,
1171 1926 1329 1964 Homeri
1348 1927 1484 1965 Batra-

94 1997 404 2047 chomyomachia
430 2002 468 2034 et
487 1999 566 2034 aliis
586 1998 759 2047 adjectis,
782 2001 988 2035 memorata
1006 1997 1171 2033 videmus
1192 2008 1214 2031 a
1231 1996 1483 2034 Montfauco-

94 2067 160 2103 nio
176 2079 188 2112 3
218 2070 256 2102 et
287 2067 326 2104 in
354 2067 584 2103 bibliotheca
612 2065 877 2104 Ottoboniana
905 2066 1058 2103 Pindari
1086 2066 1251 2103 codicem
1279 2079 1357 2104 non
1386 2069 1484 2104 anti-

95 2148 226 2186 quum.
284 2136 343 2173 De
379 2136 558 2174 Palatinis
595 2138 706 2174 codd.
738 2148 856 2184 supra
883 2137 1055 2172 vidimus.
1113 2134 1257 2173 Praeter
1291 2142 1366 2173 tres
1398 2138 1483 2174 illos

95 2211 254 2255 quartus
282 2206 323 2243 in
352 2205 577 2244 Vaticauam
607 2208 733 2243 illatus
762 2218 840 2243 esse
867 2206 993 2252 debet,
1016 2217 1125 2253 quem
1153 2206 1330 2255 Sylburg.
1352 2218 1390 2242 n.
1415 2209 1479 2243 99.

95 2278 328 2315 memorat*.
385 2275 419 2313 F
421 2277 606 2325 lorentiae,
636 2281 777 2325 praeter
802 2275 996 2315 Mediceos
1023 2287 1140 2323 supra
1162 2280 1404 2325 memoratos,
1425 2277 1483 2313 bi.

136 2414 157 2434 ³
178 2415 307 2456 Scripsit
329 2415 530 2457 Mingarellus
551 2417 591 2446 ad
614 2426 662 2446 rne
687 2415 781 2446 literis
797 2425 847 2446 an.
866 2417 960 2446 1778.
977 2414 1076 2444 datis:
1100 2419 1119 2432 ⁴¹
1135 2413 1174 2444 In
1196 2414 1350 2446 Vaticana
1372 2415 1483 2445 biblio·

93 2474 217 2504 “theca
231 2485 295 2505 non
310 2475 448 2515 quinque
464 2475 514 2505 vel
530 2485 583 2505 sex
599 2475 724 2506 codices
741 2475 870 2505 Pindari
886 2473 972 2504 odas
987 2479 1042 2504 aut
1057 2483 1165 2504 omnes
1181 2479 1234 2503 aut
1250 2474 1367 2514 aliquas
1382 2474 1483 2504 conti-

93 2535 237 2563 “nentes
257 2538 475 2571 asservantur;
497 2533 551 2563 sed
574 2533 701 2573 triginta
726 2533 858 2566 circiter,
887 2531 945 2562 nisi
968 2532 1116 2562 memoria
1134 2542 1182 2562 me
1199 2532 1286 2567 fallit,
1301 2533 1398 2563 oculis
1414 2532 1480 2573 ipse

94 2594 114 2611 ⁴⁶
128 2591 202 2620 meis
218 2592 290 2622 olim
306 2592 379 2627 vidi,
394 2602 526 2633 quorum
549 2592 690 2623 nonnulli
714 2591 889 2632 perantiqui
914 2596 996 2625 sunt,
1019 2591 1076 2620 etsi
1098 2591 1221 2621 decimo
1244 2591 1356 2621 saeculo
1379 2597 1481 2631 poste-

96 2652 114 2667 “
127 2649 230 2686 riores,
246 2651 387 2692 plerique
404 2661 479 2682 vero
495 2651 546 2682 alii
566 2651 684 2682 saeculis
710 2651 770 2684 xiv.
793 2656 825 2681 et
847 2661 897 2682 xv.
922 2649 1075 2681 exarati.”
1122 2649 1218 2681 Porro
1235 2649 1265 2680 in
1284 2649 1481 2682 Bibliotheca
