1846 3121
622 374 1028 430 ΟΛΤΜΠΙΑ.

706 587 832 644 Εἶδος
870 585 935 636 3¹.

186 784 809 863 ΕΦΑΡΜΟΣΤΩ
899 783 1456 872 ΟΠΟΥΝΤΙΩ,

681 1011 943 1041 ΠΑΛΑΙΣΤΗ.

464 1201 1124 1222 —··—·—-———-·

557 1348 1049 1389 ARGUMENTUM.

102 1450 167 1509 A
202 1464 515 1506 LAUDIBUS
539 1466 701 1508 victoris
731 1483 897 1509 exorsus
927 1467 1061 1507 statim
1094 1467 1144 1506 ad
1166 1465 1360 1520 Opuntis,
1381 1465 1494 1507 urbis

101 1523 253 1577 patriae,
279 1523 416 1563 laudes
446 1524 703 1576 progreditur
717 1530 857 1574 3—33.
879 1532 923 1564 ut
953 1539 1020 1564 eas
1050 1522 1246 1572 celebret,
1270 1522 1430 1574 ingenio
1462 1523 1495 1563 si

99 1579 192 1620 satis
213 1580 354 1629 valeat,
377 1581 487 1634 quod
507 1580 631 1621 solius
652 1589 801 1621 naturae
823 1580 1021 1621 beneficio
1043 1579 1366 1620 debeatur—62.
1411 1578 1495 1619 Re-

98 1636 228 1676 dicad
248 1636 357 1676 urbis
380 1637 541 1676 laudem
573 1645 613 1678 et
639 1637 849 1700 originem.
910 1635 1143 1678 Deucalion
1164 1645 1204 1676 et
1226 1635 1381 1688 Pyrrha
1399 1644 1496 1689 post

97 1692 291 1733 diluvium
324 1694 591 1734 consederant
624 1693 731 1735 ciica
768 1694 980 1749 Opuntem
1011 1693 1052 1733 in
1086 1692 1279 1742 Locride,
1311 1699 1495 1746 reparata

97 1749 270 1790 humana
299 1759 431 1803 gente.
494 1750 653 1791 Locrus
674 1760 760 1792 erat
780 1751 988 1806 improbas,
1010 1749 1076 1790 cui
1097 1749 1262 1803 Jupite1
1282 1762 1493 1812 compres-

97 1821 182 1847 sam
204 1821 227 1846 a
246 1821 288 1846 se
311 1805 490 1860 Opuntis
511 1823 560 1848 ex
584 1807 704 1849 Elide
726 1809 943 1849 adductam
966 1806 1089 1847 filiam
1112 1804 1371 1845 matrimonio
1393 1805 1492 1859 jun-

96 1863 167 1904 xit.
226 1863 470 1916 Appellatus
500 1864 567 1904 ille
599 1865 660 1905 avi
691 1864 862 1905 materni
892 1862 1057 1904 nomine
1081 1861 1201 1916 Opus
1223 1860 1325 1901 nexit
1346 1862 1491 1902 urbem

97 1920 366 1974 Opuntem3
358 1935 397 1959 m
418 1935 496 1974 qna
515 1921 659 1962 heroes
681 1923 792 1962 fuere
813 1930 854 1962 et
874 1923 995 1973 (119)
1014 1918 1189 1960 victores
1208 1916 1489 1969 certaminum,

97 1975 137 2017 in
157 1975 304 2031 quibus
325 1975 638 2030 Epharmostus.
698 1977 810 2019 Hinc
831 1978 917 2033 ejus
939 1976 1090 2016 laudes.

639 2098 676 2129 Σ.
694 2092 740 2129 α’.
798 2098 839 2128 Κ.
859 2092 918 2132 ις’.

241 2155 350 2214 TO
376 2160 452 2230 μέν
476 2164 759 2234 Ἀρχιλόχου
785 2160 921 2233 μέλος

239 2238 423 2293 Φωνᾶεν,
449 2238 694 2306 Ὀλυμπίᾳ

149 2376 187 2410 2.
207 2373 321 2417 φωνᾶεν
341 2372 466 2410 Schol.
486 2372 598 2409 Nem.
613 2374 665 2410 iii.
686 2375 720 2408 1.
736 2383 864 2408 omnes
881 2370 964 2406 edd.
981 2374 1019 2406 et
1034 2369 1143 2406 codd.
1159 2372 1295 2417 praeter
1312 2367 1422 2407 Bodl.
1439 2369 1484 2407 α’.

96 2426 162 2472 qui
189 2426 362 2463 dissolvit
392 2426 478 2476 φωνᾷ
496 2430 534 2470 ἐν,
554 2428 658 2472 quod
685 2425 846 2462 Schmid.
878 2435 924 2460 ex
944 2423 1025 2460 Pal.
1047 2423 1093 2460 Β.
1115 2423 1269 2472 recepit,
1290 2427 1333 2459 ut
1350 2425 1376 2460 ἔν
1400 2422 1487 2472 φωνᾷ

151 2547 186 2580 1.
216 2555 271 2591 sq.
302 2544 438 2582 Sensus
458 2545 599 2594 lyricus
627 2545 752 2593 docet,
823 2544 856 2589 (ἔ
859 2543 893 2589 ν)
917 2541 1100 2590 Ολυμπῖα,
1128 2539 1253 2589 densos,
1278 2545 1351 2578 etc.
1393 2538 1488 2580 Etsi

95 2595 190 2644 μέλος
213 2597 328 2641 φωνοῖεν
357 2610 434 2634 csse
458 2599 569 2636 docte
596 2599 753 2646 dictum,
823 2595 975 2632 solenne
1001 2594 1099 2630 illud
1124 2605 1291 2642 carmen,
1322 2591 1482 2632 Callini-

96 2652 140 2684 ut
158 2646 243 2685 Lat.
264 2651 387 2697 poetis
413 2652 611 2699 epitheton
640 2663 754 2689 ccmo-
821 2661 899 2696 cus,
916 2648 1030 2683 binis
1044 2645 1212 2695 sttophz's
1221 2652 1412 2696 comtum,
1427 2645 1481 2683 O-

96 2711 196 2747 rmn,
215 2702 370 2750 vocale;
394 2704 491 2740 idem
509 2704 616 2753 μέλος,
633 2704 754 2741 καλλί-
821 2702 972 2751 lympzce
989 2701 1076 2736 cam*
1091 2699 1257 2747 solitum,
1278 2701 1374 2748 (vid.
1397 2712 1477 2737 var.

96 2768 172 2794 νικος
199 2749 370 2802 (ὕμνος)
358 2774 373 2792 ο
409 2757 558 2805 τριπλόος
584 2754 756 2803 κιχλαὲως
822 2755 933 2802 lect.)
963 2753 1133 2802 sufficere
1163 2757 1344 2802 poterat.-
1382 2764 1480 2791 nunc

743 2818 766 2842 o
784 2810 809 2844 2
