1846 3121
257 216 381 251 cum
407 196 680 249 notatione
705 194 963 248 victorias.
992 203 1046 246 et
1071 215 1254 248 annor.
1360 203 1430 256 49

79 349 197 392 VIII.
229 350 284 392 In
304 351 594 392 Aristomenem
617 349 863 406 AEginetam,
884 347 990 391 lucta
1009 347 1109 388 inter
1129 363 1287 402 pueros.

284 424 379 466 Pyth.
397 426 449 455 35.
465 423 608 465 (Olymp.
627 424 677 457 83,
694 425 723 453 3.
742 423 780 452 A.
797 422 834 454 C.
850 420 942 462 446.)

111 494 196 536 IX.
229 496 285 538 In
311 496 349 538 T
346 495 586 537 elesicmcem
616 495 890 553 Cyrenensem‚
922 503 1163 538 armatorum
1191 511 1308 537 cursu
1336 495 1435 537 inter

354 587 512 626 pueros.

285 645 381 687 Pyth.
400 648 449 676 ‘28-
473 645 616 687 (Olymp.
634 647 685 679 76,
702 646 730 674 3.
748 643 788 675 A.
806 643 841 675 C.
859 641 951 682 4¹74.)
994 642 1082 674 Idem
1108 643 1205 685 Pyth.
1231 645 1282 674 30.
1307 643 1433 685 Olymp.

323 706 374 738 78,
389 706 420 734 3.
438 703 473 733 Α.
491 703 527 734 C.
544 706 616 735 466.
635 703 731 734 victor
746 702 855 733 stadio.
872 701 973 733 Schol.

135 774 194 818 X.
226 777 280 818 In
303 777 569 832 Hippocleam
594 777 831 828 Thessalum,
852 775 984 817 diaulo
1004 775 1104 816 inter
1123 791 1281 830 pueros.

282 851 377 893 Pyth.
396 855 446 883 ΞΕ).
469 851 611 894 (Olymp.
629 854 680 888 70,
696 855 725 884 3.
744 853 781 884 A.
799 853 834 884 C.
854 853 946 894 498.)
968 853 1069 885 Schol.
1118 853 1220 884 Etiam
1237 853 1361 895 Olymp.
1381 856 1434 883 72¹.

325 915 356 940 et
372 911 500 952 Olymp.
516 913 567 941 73.
586 912 711 942 vicerat.
728 912 829 943 Schol.

116 983 198 1025 XI.
231 983 285 1025 In
312 984 591 1042 Thr-asydoeum
616 986 862 1039 Thebanum,
884 987 1010 1028 stadio
1032 987 1132 1028 inter
1152 1001 1312 1041 pueros.

286 1058 380 1100 Pyth.
409 1062 458 1089 28.
490 1060 634 1101 (Olymp.
665 1064 717 1094 76,
741 1063 771 1091 3.
806 1062 842 1092 A.
873 1062 909 1093 C.
942 1061 1033 1101 474.)
1060 1067 1092 1092 et
1121 1062 1231 1091 iterum
1262 1061 1358 1102 Pyth.
1384 1063 1435 1091 33.

324 1117 389 1157 (01.
408 1119 498 1150 81,3.
518 1118 554 1148 Α.
573 1118 608 1148 C.
626 1118 716 1157 454.)
731 1120 830 1151 Schol.
848 1120 901 1160 qui
916 1126 947 1150 et
963 1125 1100 1153 annotat.
1116 1121 1252 1150 eundem
1270 1119 1365 1161 Pyth.
1384 1122 1435 1150 028.

325 1175 389 1216 (Ol.
407 1179 458 1209 76,
474 1177 503 1206 3.
520 1175 558 1206 A.
576 1176 612 1207 C.
631 1176 720 1216 474.)
734 1188 865 1218 puerum
881 1179 984 1209 diaulo
1000 1184 1031 1209 et
1048 1179 1146 1209 stadio
1163 1178 1281 1208 vicisse.

99 1246 204 1288 XII.
237 1247 291 1288 In
314 1248 492 1299 silidam,
514 1249 623 1290 tibia.

283 1322 378 1363 Pyth.
405 1326 454 1353 24.
479 1328 511 1352 et
535 1327 585 1354 25.
611 1324 754 1365 (Olymp.
778 1327 830 1359 ⁷2,
852 1328 881 1355 3.
906 1325 943 1355 A.
969 1325 1004 1356 C.
1030 1328 1101 1357 490.
1125 1331 1157 1356 et
1179 1326 1306 1367 Olymp.
1332 1326 1383 1358 73,
1406 1327 1435 1354 3.

325 1380 363 1411 A.
382 1381 418 1411 C.
436 1379 528 1420 486.)

607 1494 898 1536 NEMEA.

164 1585 199 1626 Ι.
232 1585 286 1626 In
310 1577 544 1628 Chromium
567 1576 782 1636 AEtnoeum,
802 1586 1015 1641 quadrigis.

283 1658 375 1691 Forte
392 1661 481 1691 Nem.
502 1663 553 1692 48.
577 1661 719 1703 (Olymp.
736 1663 788 1694 76,
804 1663 833 1691 4.
851 1660 890 1691 A.
907 1660 944 1691 C.
961 1658 1055 1699 473.)

136 1731 195 1773 II.
227 1733 281 1774 In
306 1733 344 1774 T
342 1734 575 1776 imodemum
598 1733 894 1783 Atheniensem,
914 1734 1130 1789 pancratio.

110 1822 192 1863 III.
224 1823 278 1864 In
300 1823 588 1865 Aristoclz'dam
611 1824 857 1881 AEginetam‚
878 1823 1095 1879 pancratio.

122 1911 196 1952 IV.
229 1911 283 1952 In
308 1912 607 1954 Timasarchum
629 1914 876 1970 AEginetam,
896 1914 1014 1954 lucta.

142 2001 194 2041 V.
226 2000 281 2040 In
304 2000 505 2057 Pytlteam
528 2003 775 2059 AEginetam,
797 2002 1000 2057 pancratio
1020 2001 1119 2042 inter
1139 2016 1297 2055 pueros.

283 2074 332 2105 Cf.
352 2076 458 2106 Isthm.
476 2088 505 2106 v.
524 2080 573 2107 21.
593 2078 630 2107 vi.
651 2081 680 2108 4.
727 2077 827 2108 Schol.
846 2077 886 2106 vi.
905 2078 956 2106 89.

119 2150 195 2191 VI.
227 2150 282 2191 In
305 2150 552 2192 Alcimidam
575 2151 822 2208 AEginetam,
843 2152 948 2192 lucta
968 2165 1196 2205 puerorum.

282 2224 479 2255 Praxidamas
493 2236 567 2256 avus
582 2226 679 2256 victor
695 2227 795 2257 fuerat
810 2227 894 2257 lucta
909 2225 957 2257 01.
977 2228 1028 2256 59.
1045 2225 1084 2256 A.
1102 2225 1137 2256 C.
1157 2227 1229 2256 544.

95 2297 194 2340 VH.
227 2298 281 2339 In
304 2299 496 2356 Sogenem
519 2300 765 2357 AEgz'rzetam,
787 2302 993 2357 pentathlo
1014 2300 1114 2342 inter
1134 2315 1292 2355 pueros.

283 2373 374 2403 Nem.
402 2377 452 2404 14.
475 2374 618 2416 (Olymp.
635 2378 686 2410 ⁷9,
703 2379 732 2406 Ξ.
749 2375 788 2406 A.
805 2375 842 2406 C.
859 2373 952 2415 463.)
972 2385 1010 2405 ex
1025 2378 1170 2414 computo
1187 2373 1327 2405 Corsini:
1350 2373 1431 2404 Diss.

323 2433 465 2474 Agonist.
483 2445 513 2474 p.
532 2436 584 2470 52,
600 2438 650 2466 53.
670 2440 703 2465 ut
720 2435 817 2475 prima
831 2435 966 2465 Nemeas
982 2434 1131 2475 procedat
1146 2434 1184 2464 ab
1201 2433 1327 2475 Olymp.
1341 2436 1391 2467 72,
1402 2435 1432 2463 4.

322 2491 361 2523 A.
380 2492 417 2523 C.
434 2496 505 2524 489.
524 2504 606 2524 auno
622 2498 691 2534 post
706 2504 843 2536 pugnam
859 2493 1086 2525 Marathoniam
1097 2504 1107 2531 3
1128 2502 1182 2523 seu
1205 2492 1295 2524 Nem.
1321 2493 1371 2523 53.
1396 2501 1432 2521 ex

322 2550 450 2591 antiqua
463 2552 664 2593 computandi
679 2553 807 2583 ratione.

73 2621 194 2664 VIII.
225 2623 280 2665 In
302 2624 499 2666 Dinidem
521 2627 768 2683 AEginetam,
789 2626 928 2666 stadio.

107 2708 193 2753 IX.
224 2712 279 2753 In
303 2712 536 2755 Chr-omium
558 2715 773 2766 AEtnaeum,
793 2715 1004 2771 quadrigis,

279 2786 311 2815 in
328 2786 449 2827 Pythiis
465 2788 600 2829 Sicyone
616 2789 735 2821 habitis.

737 2830 759 2864 h
