1846 3121
613 132 843 190 Carmen
888 131 959 186 X.
1380 144 1488 193 331

266 273 381 324 Κατ’
403 274 534 325 σεῖο-αν
559 274 635 325 ὖιὸν
660 273 728 346 ἴδῃ
752 274 906 339 τυχόν·
1436 298 1493 334 40

340 371 394 397 τοι
423 344 616 413 ςεφοῖνων
642 344 835 401 Πυθίων.

265 419 320 468 ‘O
341 418 542 482 χάλκεος
565 421 727 489 origano}
753 420 872 471 οὔπω
899 418 1100 489 οἷμὲατὸς
1125 420 1281 478 αὐτοῖς.

255 490 425 550 ἸΟο-αις
449 493 490 542 δὲ
514 493 681 562 βρότεον
706 492 730 543 ἕ
766 518 828 553 νος

262 563 506 628 Ἀγλαὶιαις
530 566 822 634 ἁπτόμεσθα,

261 638 447 704 Πεξαῖνει
474 638 588 706 πρὸς
613 638 803 701 ἔσχατον
1433 663 1488 699 45

257 708 414 758 Πλόον.
494 713 648 760 Naum*
674 712 707 760 δ’
731 710 820 763 οὔτε
845 710 994 779 vareso}
1017 709 1085 760 ἶιῦν

112 846 178 881 40.
205 840 261 880 ἴδει
281 842 394 881 Bodl.
410 846 453 891 γ’.
509 843 566 884 ἴδοι
586 846 677 883 Ald.
733 847 798 886 ἰᾶὠν
819 847 1024 885 Schmidius
1044 851 1100 895 (v,
1129 848 1175 885 ad
1195 861 1231 885 v.
1256 852 1340 897 37.)
1360 857 1398 889 et
1424 852 1483 891 2le

110 895 254 934 Beued.
276 899 534 937 emendarunt.
642 903 707 939 42.
736 898 809 938 ἔπω
829 914 851 937 a
869 900 1054 938 Schmidio
1072 903 1214 939 illatum
1233 914 1244 938 ε
1275 910 1319 940 ut
1342 907 1488 955 syllaba

112 950 302 998 producta
329 952 388 988 sit.
441 951 553 1000 Vulg.
574 950 681 993 ὅποτ’,
766 957 911 991 43-6.
939 954 1218 1000 ὅσας-ἄγλαΐας
1248 968 1318 1003 pro
1344 958 1419 999 ὅσης
1448 961 1483 995 ἀ.

111 1004 161 1039 ad
186 1005 461 1051 grammaticam
488 1006 669 1043 rationem
698 1011 740 1042 τὲ
761 1005 929 1044 ἅπτεσθαι
960 1007 1156 1055 legendum
1183 1019 1262 1045 esse
1291 1014 1482 1049 censebam

112 1056 202 1093 olim
223 1069 307 1093 cum
325 1056 479 1095 Pauwio
495 1071 519 1103 3>
533 1058 654 1094 firmat
671 1071 823 1108 quoque
841 1060 878 1095 id
896 1059 1116 1096 scholiastes
1131 1073 1142 1104 3
1174 1063 1236 1097 sed
1257 1075 1451 1111 perperam
1468 1077 1479 1102 ε

110 1117 198 1146 nam
225 1113 283 1145 est
309 1110 357 1146 ab
382 1110 506 1154 ἅπτειν,
535 1116 694 1148 nectere.
724 1109 938 1148 ἔφοίπτετθαί
963 1129 1031 1155 τινι,
1052 1113 1249 1151 admovere
1277 1130 1329 1163 se,
1359 1118 1479 1155 adire.

111 1160 163 1199 V.
186 1166 266 1198 not.
376 1165 440 1200 43.
469 1165 577 1212 βροτὸν
595 1164 754 1201 Schmid.
776 1175 847 1210 pro
869 1164 1019 1211 βςότεονε
1050 1178 1127 1202 non
1148 1168 1256 1214 bene,
1277 1171 1329 1206 ait
1348 1170 1480 1208 Pauw.
1513 1186 1519 1194 ¹

110 1213 204 1252 Non
242 1216 349 1252 aliter
385 1221 506 1252 tamen
541 1218 767 1254 antitheticis
803 1217 1016 1263 respondet,
1124 1222 1189 1256 46.
1220 1220 1338 1260 Nulla
1375 1224 1480 1260 locus

108 1269 368 1306 emendatione
395 1273 489 1317 eget.
546 1268 739 1307 Naturalis
757 1271 959 1306 verborum
987 1271 1082 1308 ordo
1109 1277 1218 1310 erat:
1250 1273 1313 1312 ὁδὸν
1331 1274 1362 1312 δὲ
1382 1280 1409 1318 ἐς
1428 1276 1481 1313 ‘T-

163 1375 230 1411 40.
259 1375 334 1410 κατ’
353 1375 463 1416 αἶα-αν,
485 1374 605 1416 αἰσίως,
627 1376 763 1423 propi·

112 1428 169 1464 tia
184 1426 366 1473 fortuna.

161 1479 333 1515 42-46.
361 1476 506 1523 χοίλκεος
531 1477 652 1527 οὐρανὸς
671 1490 761 1526 pro..

107 1531 192 1579 prie
216 1531 410 1578 epitheton
447 1527 618 1578 Olympi,
650 1537 693 1567 ut
724 1536 763 1569 et

104 1584 175 1622 inf.
204 1583 336 1621 Isthm.
369 1582 429 1618 vii.
464 1584 526 1619 62.
556 1583 762 1629 χαλκόπεδον

104 1635 180 1673 ὃεῢν
204 1635 305 1686 agon.
361 1635 486 1673 Poelae
511 1631 697 1679 dmm-fixa,
717 1641 760 1675 ἔι-

101 1686 278 1726 ὥπτεσθαί
307 1706 364 1726 τινι
397 1689 534 1725 dicitur
561 1688 610 1725 ab
636 1685 758 1733 ἅπτειν,

105 1746 268 1789 nectere,
287 1742 488 1790 injungere
516 1755 570 1788 se,
590 1741 760 1788 adeoque

102 1794 292 1842 accedere,
311 1799 472 1844 assequi,
488 1797 623 1844 potiri.
668 1794 758 1832 Sen-

102 1859 189 1884 sus:
208 1860 319 1896 quam
328 1849 559 1898 felicitatem
574 1860 642 1884 nos
656 1861 757 1886 mor.

101 1900 202 1937 tates
227 1905 405 1950 consequi
430 1914 645 1951 possumuS,
674 1902 758 1950 ejus

103 1953 294 2001 fastigium
313 1955 376 1992 ille
399 1959 650 2001 consequutus
679 1959 755 2000 est3

103 2017 178 2053 pro
209 2007 281 2043 hoc
312 2008 430 2046 dixit:
472 2019 571 2054 eam,
609 2008 663 2044 ud
693 2021 757 2044 ex..

102 2063 265 2096 tremam
298 2073 412 2108 usque
440 2067 593 2106 metam,
625 2064 755 2098 emeti-

100 2116 197 2150 tur:
224 2113 365 2160 (τόσας)
393 2115 531 2162 περαίνει
561 2116 621 2161 (εἷς
651 2113 756 2162 »ιε-ἔρως

100 2162 277 2214 διέρχεται,
311 2170 353 2202 ut
384 2166 529 2213 περαίνειν
558 2164 642 2210 ὃὲὀν)
674 2166 755 2214 πρὸς

102 2216 246 2263 ἔσχατον
267 2219 392 2254 mmor:
417 2218 584 2255 immixta
600 2229 752 2265 compa.

102 2270 251 2306 ratione
271 2282 354 2306 cum
376 2269 544 2318 Oceano,
565 2283 753 2320 quousque

100 2321 168 2359 ille
184 2325 366 2371 navigari
378 2328 515 2373 potest.
563 2324 753 2378 Sententia

100 2373 267 2412 Pindaro
297 2376 534 2425 frequentata
567 2381 605 2414 et
641 2378 751 2414 variis

101 2429 222 2465 modis
240 2432 462 2467 enuntiatae
492 2443 528 2467 v.
550 2431 618 2467 inf.
640 2429 751 2467 Nem.

99 2481 153 2519 ix.
178 2485 266 2520 109.
297 2494 350 2530 sq.
371 2488 411 2521 et
436 2496 520 2532 sup.
550 2484 596 2520 ad
618 2482 680 2520 01.
700 2485 751 2521 ili.

101 2536 167 2572 77.
183 2540 223 2572 et
234 2536 318 2574 loca
332 2538 378 2574 ad
393 2549 426 2574 e.
440 2539 465 2574 Ι.
486 2538 648 2574 laudata.
681 2537 752 2582 At,

101 2589 239 2637 pergit,
259 2591 414 2627 ulterius
432 2591 479 2628 ad
496 2590 678 2639 majorem
696 2591 751 2627 se.

99 2639 278 2679 licitatem
314 2644 418 2680 evehi
453 2656 563 2680 nemo
599 2648 750 2692 potest3

99 2690 189 2738 hoc,
227 2699 269 2731 ut
301 2697 457 2745 lyricus,
491 2698 650 2734 extulit:
693 2696 749 2733 At

101 2745 200 2785 nulli
229 2749 447 2788 mortalium
469 2755 580 2800 patet
607 2753 672 2788 via
696 2751 751 2788 acl

831 1370 1119 1421 Hyperboreo-5⁸,
1157 1377 1210 1412 ad
1246 1390 1337 1426 quos
1372 1379 1483 1417 heros

830 1422 998 1461 Perseus
1055 1431 1273 1475 pervenisse
1327 1432 1478 1478 fertur.

829 1475 928 1512 Tum
946 1479 1124 1525 abreptus
1144 1480 1216 1516 hoc
1244 1483 1480 1529 phantasma-

829 1533 881 1576 te,
902 1530 939 1565 in
967 1542 1012 1567 eo
1040 1536 1296 1579 persequendo
1326 1537 1394 1572 sibi
1422 1539 1479 1574 in.

828 1582 957 1631 dulget
972 1595 984 1620 ε
1014 1584 1063 1620 cf.
1078 1583 1248 1623 Schneid.
1266 1586 1357 1625 Vita
1369 1589 1478 1627 Pind.

828 1648 866 1683 p.
899 1639 962 1673 86.
1017 1636 1063 1673 In
1100 1641 1324 1677 exornandis
1355 1648 1479 1680 autem

827 1687 951 1726 Persei
980 1691 1091 1727 rebus
1111 1692 1223 1729 fuisse
1242 1706 1390 1732 necesse
1407 1701 1477 1742 est,

827 1743 892 1789 qui
909 1744 956 1779 ad
982 1742 1205 1791 Hesperides
1233 1760 1300 1794 per
1325 1747 1479 1798 Hyper-

826 1795 962 1833 boreos
980 1797 1050 1832 iter
1077 1810 1162 1833 eum
1189 1799 1318 1836 fecisse
1346 1814 1478 1839 narra.

825 1853 923 1895 rent,
937 1850 1040 1896 quod
1059 1850 1152 1887 idem
1173 1852 1218 1887 de
1234 1851 1399 1891 Hercule
1418 1856 1477 1892 fa.

825 1903 943 1938 bulati
963 1907 1052 1939 sunt
1068 1903 1129 1940 alii
1145 1916 1154 1939 ε
1178 1916 1212 1941 v.
1227 1907 1275 1941 ad
1290 1908 1474 1954 Apollod.

824 1966 863 2001 p.
883 1957 974 1992 409.
995 1968 1071 2002 seq.
1092 1957 1156 1993 ubi
1183 1958 1229 1993 ad
1259 1961 1473 1999 occidenta-

821 2009 873 2044 les
912 2006 1074 2056 Europae
1110 2016 1234 2058 partes
1266 2011 1474 2063 Hyperbo-

821 2072 904 2097 reos
923 2066 1116 2099 revocatos
1132 2064 1245 2101 videri
1259 2078 1303 2102 ex
1322 2067 1472 2105 fabulo-

820 2125 861 2149 sa
878 2115 1107 2162 geographia
1134 2117 1373 2156 observatum
1400 2126 1469 2159 est.

821 2165 932 2204 Unus
950 2172 1006 2203 est
1022 2167 1177 2205 Simmiae
1197 2172 1316 2219 locus,
1336 2174 1374 2210 in
1393 2186 1471 2221 quo

819 2218 944 2256 Persei
962 2220 1008 2256 ad
1027 2220 1296 2271 Hyperboreos
1310 2226 1382 2262 iter
1396 2239 1471 2264 me-

818 2274 958 2310 morari
993 2275 1154 2323 memini,
1189 2289 1236 2313 ex
1273 2278 1470 2329 Apolline,

818 2328 996 2373 carmine,
1035 2339 1098 2376 ap.
1144 2328 1324 2377 Stephan.
1372 2331 1467 2382 Byz.

820 2380 924 2426 quod
951 2384 989 2416 et
1018 2381 1055 2417 in
1089 2381 1263 2420 Analect.
1296 2383 1468 2423 Brunck.

821 2437 912 2470 tom.
933 2434 971 2470 ii.
994 2446 1030 2481 p.
1054 2437 1142 2472 525.
1162 2436 1309 2483 legitur.
1346 2437 1470 2476 Etiam

819 2486 857 2522 in
888 2487 940 2523 his
961 2488 1122 2524 versibus
1153 2487 1310 2527 Perseus
1337 2503 1468 2540 super-

818 2540 919 2576 venit
931 2538 1188 2589 Hyperboreis
1207 2554 1352 2581 sacrum
1370 2546 1467 2588 cele.

820 2593 1026 2630 brantibus.
1059 2593 1257 2642 Templum
1276 2598 1467 2646 Apollinis

818 2646 919 2693 apud
939 2657 1002 2682 eos
1031 2650 1260 2686 memorabat
1285 2649 1464 2689 Phereni-

815 2708 879 2735 cus
910 2699 950 2736 in
981 2698 1103 2737 Schol.
1138 2700 1200 2738 Ol.
1221 2704 1271 2739 iii.
1291 2707 1356 2742 28.
1412 2704 1461 2743 In

814 2750 978 2791 Pindaro
1004 2765 1077 2802 pro
1094 2755 1251 2794 victimis
1276 2762 1364 2797 sunt
1389 2760 1462 2797 asi-

730 2807 843 2843 2112
