1846 3121
521 141 752 196 Carmen
805 138 976 194 XIII.
1353 144 1457 196 135

233 285 400 339 Ξένοισι
428 284 469 336 δὲ
493 283 548 335 &s
553 304 762 353 ganam-oc,
789 305 1021 352 ssavo-opat

226 358 320 410 Ταν
346 357 500 409 ὅλζίαν
528 307 749 423 Κόρινθον,
776 353 985 425 Ισθμῖου

230 431 444 501 Πρόθυρον
467 429 737 485 Ποσειδᾶνος,
765 428 1080 498 οἷγλαόκουρον.
1442 448 1467 486 5

227 508 295 556 Εν
319 508 379 577 τᾷ
404 527 493 573 γαρ
517 502 704 571 Ευνομῖα
730 502 846 560 ναῖε-ι,
874 503 1087 568 κασίγνη-

299 579 377 629 ταί
396 599 457 634 τε,
486 573 661 643 βαθρον
685 577 881 634 πολίων,

230 647 473 718 Ἀσ-φαλῆς
498 649 637 706 Δίκα,
666 671 741 698 και
771 671 870 718 ομο-

301 746 455 792 τροπος
474 719 651 789 Eipava,
678 722 839 791 ταμίαι

232 794 432 864 Ἀνδρασι
459 791 682 853 πλούτου,
689 817 898 884 >equo-eac
1419 814 1468 850 10

231 869 365 920 Παῗδε
352 892 428 929 εςς
413 863 617 919 ευὲουλου
642 865 848 939 Θέμιτος,

620 1017 668 1050 A.
689 1014 735 1050 σι’.
790 1019 832 1050 Κ.
846 1012 903 1049 ια’.

235 1084 458 1137 Ἐθὲλοντι
488 1086 522 1136 δ’
547 1084 720 1151 οἷλεξεῖν
737 1081 904 1153 ’Ὓὲςιν,
931 1081 1065 1152 Κόρου

94 1223 162 1259 inf.
188 1225 249 1259 56.
279 1234 335 1269 sq.
370 1220 491 1258 Erant
517 1225 642 1258 autem
669 1233 715 1258 ex
744 1219 1064 1269 Oligoethz‘darum
1088 1221 1193 1258 tribu
1211 1234 1223 1257 .·
1251 1220 1300 1258 cf.
1323 1234 1359 1259 v.
1380 1225 1468 1261 13⁵7.

93 1289 149 1323 sq.
198 1275 245 1313 In
273 1275 432 1311 eundem
452 1272 752 1322 Xenophontem
776 1273 1071 1324 olympionicen
1099 1275 1244 1311 scolion
1272 1277 1473 1324 scripserat

94 1329 294 1376 Pindarus,
317 1328 427 1376 cnjus
454 1338 582 1363 versus
611 1328 714 1374 apud
740 1327 882 1363 Athen.
903 1327 983 1362 xiii.
1014 1340 1050 1374 p.
1076 1330 1166 1376 573,
1187 1330 1226 1364 4.
1255 1329 1471 1376 habentur3

94 1394 189 1430 quos
208 1381 356 1417 vide'in
375 1379 409 1416 F
413 1379 625 1427 tagmentis.
681 1378 798 1416 Simul
817 1383 942 1415 autem
962 1391 1076 1415 cursu
1105 1385 1142 1416 et
1170 1383 1367 1428 pentathlo
1386 1394 1475 1420 eum

96 1436 225 1473 vicisse
251 1434 380 1470 iisdem
407 1431 612 1481 Olympiis,
643 1435 830 1468 testantur
851 1444 887 1467 v.
908 1433 1061 1479 41‚42.
1175 1437 1210 1469 1.
1239 1444 1473 1484 τςισολυμπιο-

95 1490 181 1529 νίκας
211 1486 400 1523 Brubach.
421 1489 460 1522 et
487 1484 642 1521 Morell.
672 1485 736 1521 sed
765 1485 859 1532 preli
878 1483 983 1520 vitio.
1042 1482 1222 1521 Ceterum
1250 1486 1475 1534 interpretes

93 1541 242 1577 inanem
279 1541 470 1577 collocant
500 1550 654 1586 operam
685 1538 725 1574 in
758 1538 982 1586 exputandis
1017 1538 1124 1574 trinis
1157 1537 1370 1588 Olympicis
1398 1541 1476 1576 vic-

94 1594 214 1631 toriis.
325 1596 361 1630 5.
401 1589 597 1632 Ποσειδᾶνος.
659 1590 801 1629 Nescio
835 1604 901 1629 cur
934 1595 1090 1639 repente
1121 1591 1161 1628 in
1199 1591 1275 1627 hoc
1313 1593 1478 1630 carmine

95 1644 285 1689 Ποτειδᾶνος
311 1647 500 1694 scriptura
526 1649 608 1681 erat
634 1646 787 1682 adscita.
927 1647 964 1681 6.
993 1642 1059 1693 γὰς
1087 1656 1134 1681 ex
1162 1645 1255 1681 Ald.
1294 1649 1332 1681 et
1366 1647 1477 1685 trinis

97 1698 179 1736 Pax.
202 1701 352 1748 repetiit
370 1697 602 1737 Schmidius:
633 1699 736 1746 quod
753 1702 792 1736 et
809 1698 943 1747 fragm.
964 1696 1107 1734 Matth.
1128 1699 1255 1735 habet.
1302 1697 1418 1736 Rom.
1439 1703 1479 1738 et

95 1756 185 1790 cett.
208 1755 233 1789 ἔν
253 1752 329 1802 τᾷδε
343 1751 372 1790 δ’
389 1753 432 1789 εὖ.
450 1763 520 1787 nec
535 1752 572 1788 id
587 1753 694 1790 male.
795 1755 912 1789 7—8.
934 1751 1159 1789 Immutarat
1177 1752 1377 1789 leotionem
1396 1765 1478 1791 om.

95 1806 199 1843 nium
215 1807 385 1842 codicum
405 1804 612 1843 Schmidius
631 1811 810 1853 tanquam
829 1806 1035 1853 duriorem,
1057 1804 1130 1841 hoc
1146 1804 1262 1842 modo
1279 1816 1290 1840 ε
1321 1808 1477 1852 κασίγνη-

97 1860 156 1895 ταί
169 1875 216 1902 τε,
232 1860 335 1902 Δίκα,
352 1858 677 1903 πολίων-ἀσφαλὲς
695 1857 830 1908 βάθρον,
850 1859 907 1894 καὶ
925 1860 952 1894 ὁ.
1105 1860 1223 1895 8-v9-
1244 1857 1420 1905 ὁμὸτςοφος
1440 1859 1481 1896 in

97 1910 223 1948 Schol.
246 1911 426 1948 occurrit.
536 1914 598 1948 11.
622 1911 975 1959 Inter-punctionem
996 1914 1084 1958 post
1102 1911 1239 1959 Θέμιτος
1257 1911 1412 1958 mutavi,
1434 1916 1479 1949 ut

97 1964 279 2011 junctura
296 1976 381 2000 cum
409 1964 578 2000 anteced.
607 1965 803 2001 manifesta
829 1964 888 2001 sit.
1003 1967 1064 2000 12.
1084 1963 1199 2008 ἀλέξειν
1218 1963 1325 1999 aiunt
1344 1961 1476 2003 Oxon.

100 2018 222 2064 legere
248 2016 376 2064 Steph.
432 2017 555 2063 Atqui
585 2018 636 2054 sic
667 2030 745 2054 non
777 2018 846 2053 nisi
877 2017 989 2053 unica
1018 2015 1125 2052 Pauli
1151 2014 1329 2063 Stephani
1360 2020 1476 2057 1599.

101 2068 212 2106 Hanc
242 2082 331 2118 ergo
359 2081 432 2117 pro
462 2073 568 2106 textu
595 2069 848 2119 Stephaniano
879 2070 1058 2107 habuere.
1170 2072 1339 2107 12—13.
1375 2070 1477 2120 Κόςου

158 2191 194 2225 3.
225 2187 443 2237 θεςαπεύοντα
468 2188 539 2227 τούς
567 2184 676 2231 ξένους,
699 2191 755 2231 Φι-
821 2188 924 2236 νομῖᾳ,
946 2198 1049 2223 nunc
1074 2188 1211 2226 eaedem
1235 2189 1477 2237 appellantur

103 2242 222 2287 λόξενον
254 2238 428 2289 γνώσομαι,
466 2238 662 2276 celebrabo
677 2251 690 2276 .·
716 2251 754 2276 v.
820 2236 945 2286 βάθςον
979 2241 1110 2285 πολίων,
1144 2243 1247 2288 quod
1282 2243 1479 2280 abstractis

102 2295 150 2331 ad
171 2291 234 2330 Ol.
255 2295 304 2330 vi.
329 2295 416 2329 151.
823 2291 1088 2341 conveniebat,
1107 2306 1185 2330 non
1204 2296 1386 2342 personis.
1419 2293 1478 2332 O-

160 2350 195 2382 5.
240 2346 449 2394 Eunomia,
485 2343 595 2392 Dice,
629 2342 756 2394 Irene,
823 2343 1034 2391 μότςοποςὴ.
1054 2347 1079 2383 1.
1100 2359 1273 2384 concors.

104 2399 274 2438 Hesiodo
292 2400 425 2446 Horae,
445 2397 634 2435 Themidis
659 2398 757 2446 filiae,
882 2398 943 2432 12·
973 2395 1058 2435 ἔθέλ.
1078 2397 1108 2436 δ’
1123 2400 1249 2446 ἀλεξεῖ
1258 2396 1340 2450 “g'rC
1329 2416 1377 2438 ιν.
1424 2398 1478 2438 Ε’-

107 2451 150 2490 S'.
172 2455 263 2501 901,
283 2457 323 2502 2,
345 2456 382 2489 3.
437 2451 516 2498 Eae,
537 2460 579 2488 v.
598 2454 634 2489 9.
655 2453 758 2501 ταμί-
826 2453 913 2485 rant
929 2448 1009 2486 haec
1023 2449 1217 2500 jungenda
1228 2463 1313 2490 cum
1332 2455 1479 2503 superi.

105 2521 155 2550 αι,
183 2507 231 2543 ab
261 2505 279 2544 vi
305 2506 426 2555 ταμία.
483 2504 606 2542 Horis
635 2516 760 2556 rerum
827 2502 980 2539 oribus:
1011 2505 1129 2541 ναίουσι
1147 2506 1205 2542 καὶ
1224 2504 1379 2544 ἐθέλουσι.
1419 2506 1478 2546 0-

109 2561 220 2606 copia
254 2559 435 2596 tribuitur
470 2570 624 2605 quoque
659 2558 761 2605 apud
828 2556 924 2592 tiosa
950 2567 1024 2592 vox
1048 2568 1126 2594 esse
1156 2558 1304 2595 videtur
1329 2556 1477 2600 ἐθέλοντι.

108 2609 352 2649 Theocritum
383 2616 423 2648 et
450 2613 570 2649 alios:
600 2625 636 2648 v.
666 2609 760 2649 Val-
829 2607 938 2645 Unus
972 2621 994 2645 e
1027 2612 1275 2657 grammaticis
1310 2613 1479 2660 optative

110 2663 200 2700 ken.
222 2667 270 2702 ad
285 2664 478 2702 Theocrit.
498 2678 536 2713 p.
558 2667 648 2702 394.
681 2663 759 2701 Re-
827 2662 978 2709 accipit.
1035 2663 1246 2711 Aliquoties
1278 2664 1351 2702 hoc
1387 2677 1476 2704 ver..

112 2716 291 2763 prehendi
309 2722 433 2765 potest
450 2719 489 2754 in
511 2722 639 2766 poeta,
659 2718 761 2765 quod
826 2716 877 2752 bo
906 2716 1027 2752 utitur
1058 2722 1171 2764 poeta
1196 2718 1478 2770 periphrastice‚

111 2780 195 2806 cum
214 2769 297 2808 ἓίκην
315 2771 419 2807 deam
436 2770 585 2809 fecisset
607 2782 692 2809 cum
713 2771 760 2808 εὖ-
828 2772 871 2807 ut
889 2772 1012 2807 tamen
1029 2770 1084 2807 τοῦ
1095 2776 1280 2822 paratum
1298 2784 1394 2823 esse,
1413 2786 1476 2813 cu-
