1846 3121
645 93 916 145 Praefatio.
1401 92 1474 140 23

168 247 237 284 fini
256 246 346 284 Cisii
362 249 425 296 (τὲ
449 249 586 295 Rae-le),
599 247 768 296 ejusdem
786 245 1014 293 sumptibus,
1036 243 1193 279 hortatu
1213 241 1382 279 Cornelii
1401 240 1478 278 Be.

169 317 273 364 nigni
295 316 556 364 Viterbiensis,
579 329 697 364 opera
716 321 753 353 et
770 315 955 351 industria
981 312 1175 350 Zachariae
1191 310 1368 357 Calliergi
1382 310 1478 347 Cre.

170 387 300 434 tensis,
324 391 367 423 ut
384 398 430 423 ex
453 385 525 421 fine
551 386 786 434 intelligitur.
847 383 909 421 Μ.
929 383 1098 431 Augusti
1115 381 1152 418 d.
1173 380 1252 416 xiii.
1274 377 1405 415 Leone
1422 378 1478 415 X.

171 460 354 502 regnante
373 457 456 502 (an.
480 456 540 501 3.)
562 454 712 503 Romae,
739 458 854 491 1515.
875 457 915 492 4.

143 523 453 560 Praestantissima
490 524 620 572 editio,
658 525 695 560 in
730 536 806 570 qua
841 524 994 562 Scholia
1028 523 1191 570 primum
1227 520 1480 566 accesserunt,

89 605 254 640 quorum
299 594 435 641 partim
483 594 782 641 comparatione,
818 594 955 640 partim
992 592 1185 628 codicibus
1219 588 1396 626 adhibitis
1429 587 1482 623 le-

89 665 253 699 ctionem
285 662 520 700 Pindaricam
559 664 740 711 praeclare
775 664 989 699 emendavit
1024 662 1082 697 vir
1113 662 1262 697 doctus.
1322 656 1482 694 Codices

89 734 239 780 quidem
262 739 303 770 ut
327 735 464 770 diserte
493 735 700 770 enumerati
727 734 816 780 sint,
848 733 992 770 frustra
1022 733 1157 779 aliquis
1184 733 1389 778 expectet3
1419 727 1484 764 sed

90 805 128 840 in
151 803 351 855 Olympiis,
374 803 413 841 N
416 806 541 852 emeis,
562 808 602 841 et
629 803 794 840 Isthmiis
813 805 986 842 meliores
1007 802 1172 849 Aldinis,
1193 800 1232 836 in
1254 798 1398 848 Pythiis
1417 797 1483 834 de-

92 877 247 912 teriores
268 876 395 923 fuisse,
416 888 487 912 usu
509 876 837 923 deprehendimus.

146 944 258 982 Hanc
283 946 487 982 editionem
516 946 684 981 omnium
705 947 934 993 reliquarum
957 956 1034 981 esse
1052 943 1229 989 fundum,
1255 936 1485 987 argumentis

95 1015 302 1051 innumeris
323 1020 497 1052 constare
517 1016 689 1051 vidimus.
734 1014 930 1063 Expressit
947 1027 1027 1051 eam
1043 1011 1270 1059 Cratander,
1292 1007 1485 1046 Brubach.

95 1083 252 1120 Morell.
273 1083 453 1132 Stephan.
477 1086 540 1121 sed
560 1085 811 1121 emendatrice
830 1097 943 1121 manu
962 1084 1143 1121 adhibita.

150 1153 331 1190 Praefatio
359 1155 397 1189 in
429 1153 633 1190 Pindarum
658 1158 764 1190 extat
782 1155 821 1189 in
842 1155 1025 1202 Stephani
1043 1153 1156 1201 Nigri
1174 1164 1194 1188 e
1214 1149 1288 1187 Gr.
1310 1147 1484 1185 translat.

96 1235 134 1271 p.
159 1226 224 1259 79.
250 1222 472 1259 Mediolani.
495 1221 562 1259 Jo.
591 1223 637 1258 de
667 1221 914 1260 Castelliono.
954 1226 1069 1259 1521.
1099 1224 1138 1258 4.
1169 1221 1234 1257 sed
1259 1219 1487 1265 interpreta-

95 1294 238 1329 tionem
258 1293 323 1328 illa
341 1291 510 1338 Pindari,
538 1304 616 1327 non
635 1293 853 1341 editionem,
884 1294 1017 1329 indicit
1043 1293 1082 1328 in
1104 1286 1489 1340 GymnasiogMedio-

94 1365 252 1400 lanensi.
312 1360 463 1399 Praefixi
496 1367 586 1398 sunt
615 1367 704 1398 octo
724 1374 854 1398 versus
874 1360 1083 1408 Lampridii
1103 1360 1150 1395 ad
1171 1358 1394 1395 Cornelium
1416 1353 1490 1391 Be-

95 1435 267 1482 nignum,
288 1434 426 1480 quibus
446 1433 529 1481 ejus
557 1431 814 1468 munificentia
841 1432 944 1479 (σοῖς,
975 1431 1135 1478 Κοςνήλιε,
1166 1425 1286 1475 δώροις)
1315 1426 1490 1461 effectum

97 1504 224 1549 docet,
248 1508 290 1539 ut
318 1503 393 1539 hoc
423 1515 539 1550 opere
570 1501 713 1539 Graeco
747 1502 842 1549 preli
876 1512 950 1547 ope
980 1509 1160 1546 expresso
1194 1496 1284 1531 urbs
1315 1495 1493 1541 princeps

98 1573 226 1610 Roma
257 1573 472 1620 opprobrio
507 1573 667 1608 liberata
697 1573 758 1620 sit,
794 1572 855 1608 cui
887 1570 1056 1607 obnoxia
1088 1571 1169 1604 erat
1197 1564 1425 1602 Graecorum
1445 1562 1492 1598 Ζί-

100 1646 263 1681 brorum
284 1645 384 1692 typis
404 1643 708 1681 excudendorum
727 1643 885 1678 incuria.
929 1638 1169 1686 Lampridius
1190 1640 1247 1672 est
1266 1633 1494 1671 Benedictus

102 1712 358 1761 Lampridius,
376 1711 658 1762 Cremonensis,
677 1711 848 1749 Lascaris
868 1710 1088 1758 discipulus,
1104 1718 1215 1754 quem
1232 1703 1259 1743 J
1264 1705 1370 1742 ovius
1390 1713 1493 1740 com-

102 1788 340 1824 memoravit.

157 1855 368 1893 Florentiae
388 1868 604 1904 expressum
631 1854 838 1893 Pindarum
868 1851 1066 1889 Fabricius
1093 1860 1139 1885 ex
1162 1846 1233 1883 fide
1253 1843 1372 1881 Conr.
1395 1839 1494 1877 Ges-

103 1927 183 1964 neri
213 1927 271 1974 (in
299 1925 483 1962 Biblioth.
505 1927 671 1963 univers.
693 1939 731 1974 p.
755 1926 869 1970 563.)
897 1923 1108 1964 memorat3
1139 1916 1203 1954 sed
1224 1924 1439 1963 perperam,
1459 1910 1495 1946 id

104 1999 208 2044 quod
228 1997 317 2033 mihi
337 2009 440 2033 nunc
460 1998 547 2034 satis
568 2002 743 2034 constare
762 1995 924 2033 videtur.

159 2065 359 2103 Pindarus
378 2065 452 2103 Gr.
474 2069 555 2103 sine
573 2066 751 2105 S'choliis.
797 2065 969 2111 Basileae,
1003 2073 1071 2110 per
1098 2059 1203 2096 And.
1224 2053 1495 2094 Cratandrum.

109 2137 226 2173 1526.
251 2138 289 2171 8.

161 2203 470 2242 Emendatissima
500 2205 631 2254 editio,
666 2206 714 2242 ad
741 2206 938 2253 exemplar
965 2203 1183 2241 Romanum
1205 2197 1292 2235 Jac.
1314 2191 1500 2242 Ceporini

108 2289 226 2324 opera
245 2276 499 2323 emendatum,
518 2281 738 2324 comparata
759 2287 913 2323 quoque
931 2274 1074 2310 Aldina
1088 2271 1270 2308 editione.
1312 2263 1501 2302 Praefatus

108 2351 164 2384 est
185 2344 394 2382 Huldricus
415 2345 627 2394 Zwinglius
651 2348 739 2383 satis
765 2357 896 2394 aequus
916 2357 987 2393 pro
1007 2343 1185 2389 theologo
1206 2340 1244 2376 in
1264 2334 1501 2374 Pindaricam

109 2413 263 2453 Musam
283 2424 322 2452 et
342 2417 520 2464 pietatem
537 2429 548 2461 3
579 2417 677 2453 idem
696 2418 734 2453 in
753 2418 905 2465 epilogo
925 2415 1109 2463 adjuncto
1128 2412 1304 2460 parentat
1318 2403 1503 2452 Ceporini

110 2487 314 2534 memoriae,
336 2487 402 2533 qui
423 2498 538 2534 opere
557 2487 618 2523 vix
647 2487 850 2536 profligato
878 2497 1004 2523 mense
1032 2483 1212 2521 Dece-mh.
1248 2480 1362 2514 1525.
1390 2473 1503 2511 studii

111 2557 406 2603 intemperantia
438 2557 598 2592 obierat.
657 2555 841 2593 Nondum
870 2567 991 2596 annus
1019 2554 1177 2599 exierat,
1207 2560 1255 2586 ex
1278 2558 1358 2594 quo
1377 2543 1500 2594 Gym-

113 2627 218 2663 nasio
231 2623 418 2674 Tigurino
437 2627 631 2663 literarum
648 2627 872 2665 Graecarum
887 2625 1086 2663 Professor
1105 2619 1344 2659 renuntiatus
1362 2614 1499 2650 fueratv

116 2692 178 2731 Cf.
199 2696 267 2732 ins.
291 2697 338 2733 ad
364 2699 476 2733 1556.
496 2700 531 2733 8.
