1846 3121
343 135 448 197 162
934 131 1149 202 Pythia.

490 275 572 326 Ἐκ
596 298 755 345 μυχων
780 275 962 341 παγαί
1003 297 1208 342 ποταμοι

489 350 549 399 Δ
574 351 658 418 οἷμε
663 372 799 419 ραισιν
815 371 878 436 ’,με
865 372 901 397 ν
926 345 1079 415 προχὲ
1064 371 1164 397 οντι
1193 345 1277 414 ῥόον
1303 368 1473 398 καπνου

490 420 675 472 AZSwv·
716 422 825 472 αλλ
854 420 892 470 ἕν
919 421 1137 490 ὄρφναισιν
1162 442 1335 488 πεῖρας

488 497 698 545 Φοίνισσα
726 492 1004 562 κυλινδομένα
1032 493 1156 559 mo}
1180 492 1222 551 ἔς
1247 492 1414 553 βαθεῖ·
1670 512 1725 550 45

566 593 616 619 αν
642 566 696 633 qb}
681 592 737 658 2³?
722 592 754 617 ι
781 566 944 617 πόντου
973 562 1151 617 πλάκα
1179 590 1257 616 συν
1282 589 1508 640 παταγω.

493 650 554 692 K&
541 642 666 691 ’ἴνοδ
691 642 927 709 Αφαῖςοιο
955 663 1146 709 κρουνους
1172 639 1338 708 ἕρπε-τον

498 712 778 774 Δεινοτατους
802 715 942 765 οἷναπε
927 737 1001 782 μ-

566 805 656 838 πει·
696 814 736 838 T
723 786 817 856 ἕρας
837 811 890 856 με
876 811 912 837 ν
939 784 1196 857 θαυμασιον
1220 786 1428 856 προσιδέ-

569 859 706 911 σθαι·
746 860 910 929 θαῦμα
938 861 978 911 δέ
1004 863 1081 911 καὶ
1107 860 1292 930 παξιόν-
1678 884 1734 919 50

352 1001 494 1036 natura
520 999 614 1047 ignis
642 999 816 1047 petitum,
837 1009 920 1043 quae
944 997 1056 1032 etiam
1084 997 1122 1032 in
1145 997 1431 1034 lustrationibus
1462 1001 1734 1046 spectabatur3

354 1065 478 1098 neque
504 1054 598 1088 adeo
619 1052 817 1099 probanda
832 1050 1057 1097 conjectura
1075 1050 1145 1085 viri
1164 1051 1266 1086 docti
1287 1051 1323 1085 in
1343 1051 1434 1087 Act.
1456 1050 1604 1089 Erudit.
1629 1052 1736 1101 Lips.

359 1108 473 1142 1749.
506 1104 546 1141 N
550 1106 717 1141 membr.
749 1117 786 1151 p.
820 1105 910 1139 646.
938 1106 975 1138 et
1005 1101 1184 1139 Barfordi
1212 1102 1396 1139 Cantabr.
1422 1106 1536 1139 1751.
1555 1111 1604 1142 αἰν
1593 1107 1738 1143 νότατοιι

355 1160 421 1195 43.
451 1159 487 1194 τὸ
509 1175 521 1193 ν
549 1157 587 1193 ἱη
614 1156 678 1205 οὶμε
669 1173 782 1205 pawn·
811 1160 849 1192 et
872 1167 961 1191 mox
989 1155 1026 1189 in
1057 1153 1167 1203 ἔιςφνα
1170 1173 1218 1193 σιν
1244 1156 1470 1193 addiderunt
1488 1155 1739 1206 oxonienses,

355 1214 536 1247 monente
564 1210 766 1247 Schmidio.
876 1211 942 1245 44.
972 1207 1030 1244 De
1050 1205 1172 1243 AEtna
1199 1209 1362 1246 interdiu
1390 1210 1536 1246 fumum
1557 1216 1596 1246 et
1614 1212 1742 1259 caligi-

356 1277 458 1310 nem,
479 1269 599 1300 noctu
618 1264 729 1300 etiam
750 1263 928 1307 flammas,
952 1274 1019 1309 per
1039 1262 1212 1299 tenebras
1240 1265 1382 1300 scilicet
1405 1264 1475 1299 sub
1495 1269 1742 1312 conspectum

356 1318 563 1366 venientes,
584 1321 781 1354 eructante
810 1328 868 1352 res
886 1321 941 1352 est
959 1320 1064 1352 nota.
1122 1313 1220 1353 Vide
1238 1318 1285 1354 ad
1306 1316 1473 1365 Virgil.'
1463 1317 1516 1353 iii.
1535 1315 1628 1354 AEn.
1651 1321 1741 1355 571.

360 1385 445 1420 sqq.
502 1371 573 1409 Sed
599 1370 795 1408 Pauwium
816 1370 854 1405 h.
874 1370 898 1405 l.
921 1371 1024 1406 tenet
1048 1369 1157 1416 illud,
1178 1372 1282 1416 quod
1309 1375 1421 1407 noctu
1449 1382 1543 1407 saxa
1569 1383 1742 1409 evomere

358 1426 498 1462 dicitur
518 1423 650 1466 AEtna,
670 1424 777 1469 quasi
796 1423 833 1458 id
853 1434 931 1457 non
950 1432 1056 1468 aeque
1075 1421 1139 1457 fiat
1151 1424 1330 1460 interdiu.
1364 1422 1500 1470 Itaque
1518 1425 1597 1471 ipse
1617 1438 1744 1462 emen-

360 1479 426 1516 dat
443 1476 562 1527 τέφρας
581 1488 653 1524 pro
672 1475 803 1524 πέτςοις.
861 1474 951 1517 Qua
968 1475 1007 1510 in
1027 1486 1067 1510 re
1087 1486 1171 1510 cum
1191 1482 1300 1514 acute
1319 1477 1453 1513 viderit
1479 1477 1654 1524 alterum,
1673 1480 1744 1515 mi-

361 1544 429 1569 ror
446 1543 532 1566 eum
549 1541 629 1566 non
648 1540 755 1575 aeque
772 1528 904 1564 vidisse
922 1528 961 1563 in
981 1539 1081 1564 nova
1098 1528 1167 1565 hac
1186 1530 1347 1568 lectione
1365 1529 1496 1566 inferri
1514 1531 1617 1567 aliud
1637 1533 1745 1580 quid,

363 1589 408 1621 ut
420 1583 562 1620 scilicet
578 1584 673 1619 cinis
690 1586 904 1628 evomatur,
924 1580 1028 1628 quod
1046 1582 1210 1619 interdiu
1228 1597 1307 1621 non
1328 1584 1448 1620 minus
1468 1583 1509 1619 fit
1522 1595 1634 1631 quam
1650 1597 1745 1622 noc..

361 1642 405 1675 tu
423 1649 434 1682 3
464 1637 609 1683 reliqua
627 1639 768 1682 autem,
788 1635 1031 1683 inprimisque
1047 1635 1096 1677 τὸ,
1124 1636 1181 1672 σὼ
1206 1636 1368 1686 «πατάγῳ,
1390 1648 1522 1684 parum
1543 1638 1747 1675 convenire

363 1690 496 1727 cineri.
553 1688 691 1736 Itaque
717 1700 931 1726 maneamus
957 1689 995 1724 in
1014 1689 1181 1736 vulgata,
1200 1702 1356 1737 eamque
1373 1690 1420 1726 ad
1441 1691 1629 1738 poeticam
1655 1704 1747 1729 nor.

365 1757 463 1780 mam
482 1754 702 1789 moremque
721 1743 927 1789 exigamus,
949 1753 1042 1788 qu0,
1073 1754 1157 1778 cum
1182 1744 1303 1782 altero
1331 1745 1500 1780 membro
1529 1745 1750 1792 simpliciter

364 1797 563 1835 dicendum
582 1800 701 1833 esset:
733 1798 759 1832 ἔν
779 1796 924 1843 &ewam
942 1795 1093 1838 φοίνισσα
1114 1794 1290 1832 κυλίνδεται
1309 1796 1408 1841 φλὸξ,
1428 1809 1477 1833 ne
1501 1797 1603 1834 nude
1621 1800 1660 1835 id
1678 1813 1750 1848 po·

365 1855 488 1898 neret,
509 1849 660 1886 vestivit
673 1852 711 1885 et
724 1848 923 1884 exornavit
940 1847 1134 1895 splendide
1149 1860 1196 1884 ex
1213 1849 1396 1896 adjuncto
1414 1860 1424 1884 :
1444 1849 1530 1894 φλὸξ
1545 1850 1750 1900 κυλινδομένα.

366 1903 454 1953 φέρει,
472 1907 546 1940 etc.
602 1901 759 1939 Poetam
785 1905 911 1939 autem
927 1901 966 1937 in
986 1900 1041 1936 his
1060 1901 1108 1936 ad
1126 1900 1357 1938 dialecticam
1375 1902 1618 1938 subtilitatem
1639 1917 1750 1942 revo-

367 1968 455 1994 care
483 1958 592 2005 velle,
614 1956 834 1993 calumniari
861 1958 930 1991 est.
1038 1956 1104 1990 49.
1135 1952 1170 1991 S.
1194 1953 1322 1992 ἰδέα-θαι
1351 1957 1516 2003 August.
1571 1954 1751 1994 «πυθέσθαι

367 2009 451 2047 Pal.
471 2009 519 2047 C.
540 2010 687 2060 syllaba
704 2010 743 2045 in
760 2013 927 2055 utroque
944 2007 1152 2044 deficiente.
1209 2005 1242 2044 S.
1260 2023 1292 2044 τι
1314 2006 1492 2046 πυθέσθαι
1511 2007 1624 2045 Bodl.
1647 2008 1693 2047 C.
1713 2015 1753 2047 et

369 2061 406 2101 S.
426 2079 458 2100 τι
483 2062 612 2101 ἰδέσθαι
636 2061 748 2102 Bodl.
768 2062 873 2108 β’.·γ’.
894 2073 979 2101 cum
1005 2062 1064 2098 ed.
1097 2061 1187 2097 Ald.
1218 2061 1281 2097 sed
1306 2065 1408 2097 recte
1435 2061 1591 2109 praefert
1617 2061 1751 2100 Pauw.

368 2116 574 2164 vulgatam.
633 2119 695 2153 50.
725 2117 900 2164 παριόντων
917 2127 1050 2152 vacare
1067 2115 1159 2152 dicit
1175 2112 1307 2152 Pauw.
1324 2119 1363 2152 et
1375 2115 1549 2152 emendat
1561 2117 1751 2165 παρεόντων,

371 2170 476 2216 quod
494 2174 618 2207 tamen
636 2171 758 2208 minus
777 2168 940 2219 lyricum
957 2172 1066 2206 esset.

427 2291 494 2327 42.
523 2289 641 2327 Mons
672 2287 804 2327 AEtna
830 2290 1029 2330 nocturnis
1093 2300 1155 2325 ma
1174 2293 1213 2325 et
1225 2287 1350 2327 fumus
1369 2288 1540 2324 variant:
1572 2287 1635 2324 vid
1655 2284 1750 2325 AEn.

375 2345 496 2381 mirus
531 2343 741 2381 incendiis.-
770 2341 868 2378 Plin.
903 2342 956 2379 iii.
990 2345 1026 2378 8.
1095 2343 1148 2380 iii.
1181 2345 1270 2379 572.
1301 2354 1357 2388 sq.
1413 2340 1526 2388 Mox,
1549 2353 1583 2377 v.
1603 2341 1669 2377 47.
1690 2339 1752 2377 ‘A-

377 2399 441 2435 14.
505 2396 557 2436 V.
596 2396 721 2434 Strab.
761 2396 812 2432 Vi.
856 2407 895 2442 p.
934 2397 1029 2432 420.
1095 2395 1226 2439 φοιῖςοιο
1244 2393 1577 2442 xpmovxgjungenda
1588 2405 1667 2431 esse
1685 2406 1754 2442 pan,-

375 2448 423 2488 B.
443 2452 579 2499 (274).
635 2449 772 2497 Itaque
798 2461 835 2485 v.
857 2450 1031 2485 44-46,
1098 2451 1166 2484 tet.
1204 2446 1301 2483 Sunt
1318 2447 1442 2493 iidem,
1463 2447 1529 2493 qui
1548 2448 1664 2494 paulo
1684 2459 1754 2484 an.

377 2510 466 2541 sunt
496 2509 645 2542 tantum
676 2505 899 2540 ornamenta
927 2501 1033 2537 flam·
1099 2505 1150 2546 te,
1172 2501 1237 2536 42.
1259 2501 1422 2549 ποταμοὶ,
1441 2500 1521 2536 scil.
1543 2501 1655 2549 πυρός.
1703 2499 1756 2539 Et

377 2569 471 2594 mae:
510 2562 623 2595 noctu
655 2557 794 2602 ardet;
835 2567 920 2590 nam
958 2555 1034 2590 dies
1098 2552 1218 2601 ἒςπετόν
1249 2557 1306 2587 est
1333 2557 1559 2599 monstrum,
1590 2558 1753 2603 porten-

380 2610 534 2648 flammae
567 2615 760 2658 aspectum
796 2609 914 2645 oculis
944 2609 1034 2644 sub·
1097 2609 1192 2642 tum.
1232 2603 1282 2642 V.
1305 2604 1471 2643 Valken.
1492 2607 1540 2644 ad
1557 2605 1753 2645 Theocrit.

380 2663 499 2710 (lucit,
528 2677 597 2700 nec
625 2665 695 2704 nisi
721 2664 846 2701 fumus
873 2663 913 2699 in
943 2673 1034 2698 con·
1099 2671 1138 2707 p.
1161 2660 1250 2695 399.

382 2721 549 2761 spectum
573 2719 686 2753 venit.
743 2716 862 2764 Apud
881 2714 1035 2763 Virgili-
1153 2715 1219 2750 49.
1255 2711 1349 2760 τέξοις
1384 2709 1571 2761 θαυμάσιον
1602 2711 1754 2761 «προσιδέ-

384 2780 444 2803 um
466 2781 533 2816 per
550 2770 747 2808 intervalla
761 2776 798 2806 et
816 2770 912 2807 vices
931 2769 1035 2805 flam·
1099 2765 1200 2813 σθαι,
1221 2778 1293 2815 pro
1305 2765 1463 2814 simplici
1477 2764 1597 2815 θεῶμαι
1611 2763 1755 2808 ῖδέσὲαι,
