1846 3121
349 145 453 194 332
934 136 1146 209 Pythia.

492 277 640 349 Εὗξοις
667 277 716 330 ἀν
737 276 777 337 ἔς
801 279 1137 369 Twspgogewv'
1107 281 1232 347 αγῶ-

565 377 612 403 να
640 350 891 420 θαυμαςαν
918 354 1014 404 ὁδόν.

874 478 912 508 Ε.
932 472 979 516 β’.
1023 480 1065 508 Κ.
1084 474 1123 511 η’.

493 547 604 614 Παρ’
631 543 688 604 οἷς
713 567 828 595 ποτε
853 540 1044 612 Περσεῦς

348 682 514 732 περςοξέων
529 684 636 729 ἀγῶνα
657 683 761 729 (οὐχ)
783 679 871 731 εὕροις
887 678 924 716 οἷν
941 678 1000 717 εἴτε
1019 681 1124 717 ναυσὶν
1142 683 1191 719 ἰῶν
1208 680 1265 720 ὅτε
1282 681 1389 731 πεζός.
1445 681 1526 719 Sive
1544 680 1610 719 αὖὸἒ
1630 682 1722 719 scri-

352 736 432 783 bas,
453 736 529 774 sive
547 735 615 777 ἕτε,
637 736 734 771 idem
754 738 822 780 est,
843 735 955 782 igitur
975 733 1224 779 relinquamus
1244 736 1346 782 quod
1365 736 1572 772 invenimus
1591 748 1724 772 exara-

351 793 445 825 tum.
606 790 672 824 47.
711 785 747 822 οἷν
792 784 884 834 εὕροις
921 786 1055 822 mirum
1103 793 1351 825 commentum
1398 787 1603 825 Oxoniens.
1648 801 1723 836 pro

350 843 452 889 vulg.
483 838 573 889 εὕροις
602 858 640 876 αν
674 843 714 884 ἔς,
729 839 848 906 quod
877 843 1004 875 tenere
1031 844 1197 885 praestat.
1255 841 1386 878 Pauw.
1407 842 1568 878 fulcrum
1595 841 1724 878 inserit

351 910 440 942 ευροις
458 892 544 938 oZ'vvy’
562 896 588 933 ἔς
608 891 737 940 Ἶ61”αρ’
757 897 795 934 ἐς.
817 891 913 928 Vide
930 893 976 928 ad
991 904 1026 928 v.
1050 895 1086 928 9.
1142 892 1254 931 Gott
1276 912 1322 943 ευς
1326 911 1353 931 η.
1461 897 1526 932 48,
1557 893 1723 931 Mediam

349 946 390 981 in
409 942 590 992 θαυμας-ὰν
610 957 679 992 pro
698 945 800 982 brevi
821 945 971 992 habere,
991 945 1048 979 vel
1069 943 1246 993 θαυματὰν
1265 913 1427 984 scribere
1450 949 1554 984 malit
1580 945 1723 983 Schmi-

350 998 446 1046 dius³
470 1000 512 1032 ut
538 994 705 1034 Iambico
734 1000 828 1033 bene
854 997 914 1032 sit.
970 995 1101 1032 PauW·
1132 996 1336 1044 θαυμασίαν.
1389 1001 1499 1045 dymno
1520 998 1723 1048 Yvrzgss’ogs'wu

352 1051 516 1087 solicitat
548 1048 678 1086 Pauw.
713 1055 751 1086 et
774 1050 871 1085 miro
903 1049 1017 1084 modo
1049 1048 1220 1084 emendat
1245 1047 1362 1093 axum,
1390 1062 1489 1086 nova
1515 1063 1621 1097 voce,
1652 1063 1724 1098 pro

350 1101 457 1145 ἅλωα,
478 1101 526 1136 ab
544 1099 638 1143 ἄλως.
694 1101 893 1150 ’Υπερίέοςέων
912 1103 1010 1146 αἰγω-
1027 1101 1065 1136 dv
1086 1099 1345 1148 MingarelluS.
1404 1101 1625 1139 Condonem
1652 1104 1726 1140 hoc

351 1156 432 1191 aliis
470 1154 593 1190 minus
625 1156 663 1191 in
696 1154 859 1191 Pindaro
887 1154 1053 1190 versatis.
1110 1153 1202 1191 Non
1232 1156 1476 1192 meminerant
1502 1157 1573 1192 viri
1604 1155 1723 1206 docti,

351 1209 462 1253 οἱγῶνα
481 1218 557 1243 esse
577 1219 802 1252 consessum,
825 1206 980 1254 proprie
999 1209 1260 1254 spectantium,
1281 1211 1360 1245 tum
1390 1210 1543 1246 omnino
1569 1213 1723 1256 coetum,

352 1260 544 1296 hominum
562 1262 851 1307 multitudinem,
873 1259 1072 1307 populum,
1093 1260 1182 1304 λαὸν,
1201 1272 1310 1307 quem
1339 1263 1446 1298 etiam
1473 1262 1599 1311 ςςοιτὸν,
1621 1263 1724 1306 ς-όλοιι,

351 1313 486 1357 effert3
517 1313 584 1349 inf.
608 1318 671 1352 72.
697 1312 802 1363 ἕμιλον
830 1313 937 1349 dixit.
995 1311 1196 1349 Vocabulo
1225 1315 1296 1350 isto
1324 1320 1448 1351 autem
1476 1319 1583 1351 tanto
1611 1315 1726 1362 magis

352 1366 410 1402 uti
430 1366 557 1412 potuit
574 1372 701 1414 poeta,
721 1367 823 1414 quod
839 1369 1033 1415 perpetuis
1060 1365 1198 1411 choris,
1221 1369 1413 1416 tripudiiS,
1433 1367 1622 1417 epulisque
1631 1368 1726 1415 sru-

352 1423 472 1455 untur
489 1419 588 1457 beati
605 1421 659 1456 illi
678 1419 934 1469 Hyperborei,
953 1431 988 1454 v,
1013 1421 1074 1454 59.
1095 1431 1175 1465 sqq.
1234 1418 1368 1468 Itaque
1396 1426 1433 1457 et
1461 1421 1618 1458 Perseus
1636 1422 1726 1467 ipsis

354 1473 569 1518 supervenit
595 1473 836 1522 epulantibus
863 1483 970 1507 sucro
987 1472 1111 1518 facco.
1167 1469 1289 1508 Sacra
1315 1479 1439 1510 autem
1466 1485 1510 1510 ea
1537 1486 1626 1521 gens
1645 1478 1728 1510 erat

353 1524 539 1573 Apollini,
561 1527 663 1572 quod
680 1525 767 1560 satis
787 1528 933 1571 notum,
955 1526 1017 1559 cuz'
1042 1526 1158 1560 asinis
1185 1537 1249 1560 eos
1275 1525 1405 1563 litasse
1432 1526 1666 1562 manifestum
1687 1526 1728 1562 fit

353 1588 400 1612 ex
419 1576 456 1612 h.
476 1577 501 1613 Ι.
524 1589 560 1613 v.
586 1581 646 1614 51.
668 1578 753 1614 add.
776 1581 916 1613 notam.
951 1577 1067 1623 Apud
1086 1577 1231 1613 eosdem
1247 1582 1348 1616 casim·
1364 1575 1538 1616 videntur
1557 1579 1624 1615 cleo
1639 1592 1727 1615 con-

355 1631 496 1666 secrati
510 1629 651 1679 fuisse,
673 1629 830 1678 ἀνειμένοι,
852 1641 936 1665 nam
964 1632 1011 1666 iis
1038 1629 1219 1667 delectari
1240 1632 1291 1667 ait
1309 1634 1432 1679 deum,
1455 1646 1489 1667 v.
1512 1635 1576 1680 55,
1598 1635 1634 1668 6.
1654 1633 1728 1669 hoc

353 1687 489 1719 ornate
509 1683 642 1720 extulit
661 1687 784 1730 poeta.
842 1682 904 1719 Ita
933 1685 1058 1719 saltem
1088 1684 1257 1731 accipere
1276 1686 1362 1722 licet
1380 1688 1506 1732 verba,
1528 1690 1572 1721 ut
1589 1695 1658 1722 nec
1677 1685 1726 1722 ad

353 1737 618 1773 mactationem
646 1737 763 1783 ipsam
792 1736 929 1771 referas
961 1736 1028 1772 hos
1059 1748 1128 1771 vss.
1161 1739 1265 1783 quasi
1296 1740 1393 1775 inter
1426 1739 1660 1774 mactandum
1688 1751 1728 1776 se

353 1790 555 1836 erexerint,
576 1801 697 1835 neque.
719 1801 839 1824 moros
867 1789 975 1837 jocos
1005 1790 1151 1826 secteris
1181 1803 1263 1827 cum
1283 1791 1455 1828 Gesnero
1473 1792 1518 1827 de
1537 1792 1727 1828 asinorum

355 1841 566 1890 honestate,
588 1855 626 1890 p.
650 1844 712 1878 34.
735 1840 946 1878 comment.
967 1840 1051 1878 Soc.
1073 1842 1169 1891 Reg.
1190 1843 1326 1881 Seient.
1349 1850 1440 1881 tom.
1461 1846 1497 1881 ii.
1555 1844 1616 1880 An
1640 1845 1728 1881 loco

355 1899 394 1930 et
414 1895 570 1942 poeticae
592 1895 726 1931 rationi
746 1899 994 1931 consentanea
1009 1896 1177 1931 videatur
1195 1898 1414 1945 αἲο-χςολσνγία
1429 1896 1570 1944 Toupii
1589 1895 1727 1933 Emen-

354 1947 432 1984 dat.
453 1947 555 1985 Suid.
575 1953 665 1985 tom.
682 1949 732 1985 iii.
756 1960 793 1995 p.
813 1951 874 1984 51.
895 1947 1104 1996 dijudicent
1121 1949 1182 1984 alii
1200 1950 1247 1984 ad
1265 1961 1408 1985 sensum
1429 1951 1585 1997 quisque
1602 1961 1723 1988 suum.

354 1998 512 2037 Errores
533 2006 656 2037 autem
685 2001 816 2037 tributi
845 2001 933 2037 olim
960 2001 1072 2038 fuisse
1090 2002 1263 2038 videntur
1281 2001 1417 2039 Perseo
1437 2015 1503 2050 per
1521 2003 1729 2050 incognitas

355 2057 448 2090 tunc
477 2058 611 2100 terras,
641 2067 718 2091 non
746 2055 865 2090 minus
893 2066 1002 2101 quam
1031 2055 1277 2102 Argonautis.
1335 2055 1606 2104 Hyperboreos
1633 2056 1671 2092 h.
1698 2056 1726 2093 1.

355 2107 603 2143 occidentales
633 2107 835 2144 Pindarum
865 2109 1064 2155 respexisse
1093 2113 1215 2155 put03
1251 2109 1351 2155 apud
1381 2121 1491 2157 quos,
1522 2110 1550 2146 si
1579 2109 1729 2156 quidem

356 2161 512 2197 extremi
543 2159 709 2208 Europae
741 2161 941 2197 occidentis
978 2162 1111 2208 populi
1147 2161 1266 2207 suere,
1297 2163 1487 2199 asinorum
1518 2174 1605 2198 usus
1635 2174 1728 2208 esse,

358 2226 529 2261 quosque
547 2215 648 2250 adire
667 2214 853 2261 probabili
873 2215 997 2260 aliqua
1016 2215 1161 2250 ratione
1181 2215 1306 2263 potuit
1325 2215 1494 2263 Perseus,
1514 2228 1598 2252 cum
1626 2216 1728 2252 insu-

355 2268 410 2303 las
431 2268 530 2305 ultra
547 2271 751 2303 extremum
773 2267 999 2306 occidentem
1018 2267 1158 2303 Africae
1180 2270 1215 2304 in
1237 2267 1391 2305 Oceano
1412 2270 1551 2316 positas
1569 2271 1726 2316 peteret,

356 2332 449 2368 quas
467 2318 669 2368 Gorgones
687 2321 956 2361 inhabitabant.
1013 2319 1051 2356 N
1057 2332 1105 2356 on
1134 2323 1231 2358 enim
1260 2321 1441 2358 Pindarus
1460 2320 1658 2369 Gorgones
1676 2320 1726 2356 ad

356 2372 629 2423 Hyperboreos
649 2374 787 2420 relegat
803 2385 874 2408 vss.
891 2376 954 2411 72.
970 2384 1024 2418 sq.
1049 2373 1112 2409 sed
1136 2386 1213 2410 rem
1231 2387 1299 2411 suo
1318 2387 1420 2411 more
1433 2375 1587 2410 strictim
1606 2385 1728 2420 expo·

355 2427 426 2464 nit.
476 2425 558 2472 Nec
577 2424 780 2474 AEschylus
795 2425 868 2465 huc
883 2426 1058 2461 advocari
1078 2431 1201 2472 potest
1220 2427 1407 2464 Prometh.
1431 2429 1520 2463 290.
1539 2438 1620 2473 sqq.
1641 2437 1728 2463 nam

356 2479 386 2518 is
404 2480 517 2526 plane
533 2480 714 2517 diversam
734 2479 915 2515 rationem
935 2482 1114 2524 sequutus
1136 2479 1228 2516 Inus
1247 2492 1392 2516 errores
1411 2480 1448 2516 in
1467 2479 1621 2515 extremi
1638 2477 1727 2515 Ori-
1769 2505 1771 2507 -

357 2533 452 2568 entis
475 2533 600 2580 plagas
620 2532 757 2580 rejicit,
779 2533 830 2568 ita
844 2536 886 2567 ut
904 2532 968 2568 illa
988 2543 1011 2566 a
1030 2529 1206 2578 Bosporo
1223 2531 1422 2568 Cimmerio
1436 2532 1522 2568 inde
1535 2543 1602 2578 per
1616 2532 1727 2568 bore-

358 2586 432 2622 ales
449 2590 488 2623 et
506 2585 701 2626 orientales
715 2584 804 2625 fines
819 2589 1004 2624 extremos
1021 2595 1149 2621 errore
1163 2586 1265 2622 facto
1285 2585 1332 2621 ad
1348 2584 1478 2627 Nilum
1499 2585 1723 2632 pervenerit.

359 2688 422 2726 ui:
455 2690 562 2737 cujus
581 2692 674 2728 ritus
692 2692 857 2730 meminit
871 2693 1006 2740 praeter
1072 2691 1197 2738 ninus,
1227 2692 1292 2728 lib.
1322 2693 1450 2727 020.
1505 2691 1595 2729 Alia
1624 2703 1660 2727 v.
1686 2690 1727 2729 iu

362 2738 576 2781 callimach.
596 2745 646 2784 fr
664 2748 753 2794 187,
773 2748 859 2785 188.
880 2746 1005 2784 Anto·
1072 2756 1151 2782 var.
1173 2745 1259 2783 lect.
1280 2745 1327 2783 ad
1345 2757 1380 2780 v.
1400 2746 1465 2782 48.
