1846 3121
368 114 438 165 28
918 109 1186 163 Praefatio.

423 264 532 310 Haec,
555 265 658 311 quod
676 264 834 312 mireris,
855 265 970 302 editio
998 266 1239 313 intelligenda
1269 266 1338 310 est,
1368 264 1516 310 quoties
1544 263 1751 302 Schmidius

370 339 409 375 et
435 334 668 373 Oxonienses
695 336 742 370 ad
772 334 1001 381 Stephanum
1034 340 1258 382 provocant.
1315 333 1506 381 Expressa
1524 339 1613 370 sunt
1631 340 1754 381 poetae

372 405 488 440 verba
502 416 547 439 ex
565 403 825 451 Stephanianis
844 408 955 439 aetate
975 404 1177 450 proximi53
1199 404 1299 439 unde
1318 406 1429 439 etiam
1444 403 1565 438 versio
1579 404 1761 452 repetita„

374 473 505 510 Tertia
527 478 583 510 est
609 474 738 519 editio,
773 485 855 520 quae
885 472 1035 509 Scholia
1056 473 1220 508 exhibet.
1278 472 1326 508 In
1346 472 1456 519 praef.
1478 472 1525 507 ad
1543 470 1629 507 Jac.
1651 470 1757 506 Bon-

376 546 541 593 garsium
560 546 702 581 mendis
721 549 925 580 scatentem
944 555 982 579 se
1000 547 1161 579 veterem
1183 542 1401 588 editionem,
1422 553 1503 589 quse
1527 553 1624 587 soepe
1643 540 1760 576 aliter

375 617 415 651 in
436 619 557 660 textu,
577 615 693 652 aliter
720 617 760 650 in
787 614 936 649 scholiis
961 615 1145 660 scriptum
1164 612 1318 659 habeat,
1337 611 1555 648 emendasse
1579 610 1634 646 ait
1658 609 1760 645 Pau-

377 685 450 725 lus.
487 683 634 720 Scilicet
653 683 953 720 Brubachianam
975 685 1081 730 (nam
1101 681 1308 718 Romanam
1325 694 1373 717 ne
1391 681 1597 728 inspexisse
1612 679 1761 726 quidem

379 754 548 800 ridetur)
563 760 651 789 ante
666 755 796 789 oculos
815 754 946 789 habuit
964 765 1117 799 eamque
1135 753 1182 790 ad
1200 751 1489 799 Stephanianam
1506 750 1763 786 recensionem

380 823 536 858 alteram
556 823 743 858 correxit:
773 826 809 857 et
828 826 882 857 est
901 822 988 857 satis
1008 823 1109 858 bona
1127 822 1257 869 editio,
1274 825 1311 856 et
1330 820 1496 864 lectoris,
1512 820 1576 866 qui
1596 820 1765 858 criticam

383 892 628 928 subtilitatem
654 903 732 929 non
764 894 944 937 sectatur,
978 891 1104 927 usibus
1131 903 1309 938 perquam
1330 891 1627 927 accommodata.
1684 888 1764 925 Ex-

386 961 566 1006 pectabat
589 958 728 996 Paulus
749 961 871 996 adhuc
890 959 940 996 Is.
963 959 1181 998 casauboni
1201 961 1496 1007 observationes,
1522 971 1614 1007 quas
1642 963 1767 996 tamen

387 1029 574 1075 accepisse
593 1042 672 1065 non
692 1030 852 1065 videtur.

440 1097 567 1133 Aliam
588 1097 696 1133 Pauli
714 1097 894 1144 Stephani
913 1098 1115 1134 editionem
1134 1096 1286 1134 Pindari
1303 1109 1365 1134 an.
1391 1101 1505 1135 1600.
1527 1110 1611 1144 quae
1629 1100 1770 1146 quarta

388 1167 487 1203 inter
507 1167 670 1203 minores
688 1172 757 1212 est,
779 1178 894 1212 supra
911 1167 1081 1201 vidimus.

443 1234 565 1271 Etiam
595 1234 839 1270 Parieiensem
870 1234 984 1281 hujus
1017 1234 1105 1269 anni
1131 1234 1308 1270 habemus
1330 1234 1509 1271 foeturam
1527 1234 1770 1282 hujusmodi:

392 1302 455 1339 Ex
490 1301 666 1339 Pindaro
705 1300 854 1349 Ecloga
890 1300 1024 1339 Groece
1058 1315 1079 1340 e
1113 1303 1343 1353 typograplz.
1380 1303 1610 1343 Prevostaei.
1650 1303 1772 1340 Paris.

396 1374 509 1412 1600.
530 1374 569 1408 4.

447 1440 509 1477 Cr.
531 1440 718 1477 Maittair.
740 1442 882 1477 Annal.
909 1445 1002 1478 tom.
1032 1443 1083 1478 iii.
1115 1441 1158 1478 P.
1188 1442 1212 1478 i.
1246 1456 1283 1490 p.
1316 1445 1406 1479 837.
1434 1441 1573 1479 Graece
1596 1453 1777 1490 expressa

397 1511 498 1560 typis
518 1515 608 1547 sunt
625 1509 782 1559 Olymp.
803 1511 852 1546 iv.
874 1524 910 1547 v.
942 1511 1055 1559 Pyth.
1077 1512 1139 1548 vii.
1160 1512 1237 1548 viii.
1268 1511 1380 1548 Nem.
1401 1513 1425 1550 i.
1445 1513 1484 1550 ii.
1516 1511 1649 1550 Isthm.
1670 1513 1722 1549 iii.
1738 1526 1774 1548 v.

453 1580 500 1616 In
519 1587 704 1627 apparatu
729 1580 927 1616 Pindarico
947 1580 1162 1616 habendum
1181 1591 1332 1627 quoqne

399 1649 459 1691 M.
480 1648 641 1686 AEmz·l2·2·
658 1648 775 1685 Pom·
792 1647 972 1686 Lexicum
988 1648 1254 1686 Pindaricum.
1276 1648 1458 1686 Hanoviae
1484 1652 1598 1686 1606.
1620 1654 1656 1687 8.

454 1719 792 1756 Accommodatum
823 1719 915 1754 illud
949 1724 1005 1755 cst
1034 1719 1080 1755 ad
1111 1719 1200 1754 edit.
1230 1717 1272 1754 P.
1301 1718 1430 1766 steph.
1461 1722 1574 1756 1599.
1594 1719 1782 1757 Doctrina

401 1787 625 1825 Graecaniea
654 1789 895 1837 grammatica
925 1791 1045 1825 multa
1077 1789 1115 1824 in
1141 1789 1209 1825 illo
1228 1789 1311 1824 viro
1329 1792 1425 1833 erat,
1445 1790 1510 1824 sed
1529 1789 1635 1826 nulla
1648 1789 1784 1837 judicii

402 1859 609 1899 subtilitate
628 1860 795 1900 subacta.

458 1926 650 1963 Editiones
669 1927 797 1974 Steph.
823 1930 935 1964 1612.
957 1932 994 1964 et
1017 1930 1130 1964 1626.
1151 1931 1189 1963 et
1212 1926 1477 1964 Ebrodunens.
1503 1930 1618 1966 1624.
1638 1929 1785 1964 minore

404 1997 540 2043 forma,
560 2008 674 2043 supra
691 1998 890 2045 attigimus.

459 2087 513 2092 —
531 2063 602 2104 Gr,
637 2062 729 2101 Lat.
763 2069 803 2102 in
836 2063 1004 2114 Corpore
1035 2071 1187 2116 poetam
1221 2066 1294 2104 Gr.
1326 2067 1413 2105 Jac.
1448 2066 1588 2116 Lecta,
1621 2073 1716 2105 tom.
1744 2068 1784 2105 ii.

408 2133 572 2174 Genera]
599 2137 711 2177 1614.
733 2135 760 2170 s.

463 2203 631 2241 Tandem
656 2206 701 2240 ad
730 2205 955 2243 Schmidium
975 2210 1197 2254 perventum
1215 2210 1286 2253 est,
1304 2206 1491 2243 editorum
1510 2205 1663 2243 Pindari
1682 2206 1792 2244 facile

411 2275 633 2322 principem.
691 2274 783 2317 Non
812 2281 921 2317 vacat
947 2278 1160 2319 adscribere
1177 2276 1328 2313 titulum
1348 2277 1449 2322 libri,
1469 2277 1533 2322 qui
1559 2277 1694 2324 passim
1711 2288 1792 2313 ma-

414 2343 525 2379 nibus
544 2344 680 2380 teritur
698 2356 708 2385 ς

413 2411 558 2461 Πειδάςε
575 2412 885 2463 πεξῖοδος-ορενα
905 2414 1050 2454 Erasmi
1069 2413 1244 2451 Schmidii
1262 2412 1466 2459 Delilz‘am',
1489 2413 1616 2450 Groec.
1643 2418 1682 2450 et
1703 2413 1794 2452 Ma-

495 2481 649 2518 themat.
672 2482 720 2519 P.
740 2482 789 2520 P.
811 2483 1065 2531 (Vitebergae)
1087 2486 1200 2518 1616.
1220 2485 1259 2520 4.

474 2549 592 2596 Idem,
626 2553 729 2596 quod
758 2565 841 2599 nos,
873 2557 1050 2598 sequutus
1070 2555 1150 2586 erat
1175 2551 1390 2589 institutum
1409 2553 1465 2589 vir
1483 2554 1733 2603 doctissimus,
1753 2560 1797 2592 ut

420 2618 734 2665 interpretaretur
762 2621 967 2661 Pindarum
998 2620 1223 2657 lectionibus
1268 2621 1368 2668 suis3
1413 2623 1476 2659 sed
1512 2625 1629 2671 paulo
1660 2627 1798 2663 lentius
