1846 3121
386 116 458 168 14
943 108 1214 167 Praefatio.

385 275 639 321 utenturque,
666 267 699 308 si
728 267 899 320 iubebit,
931 284 981 310 eo
1013 278 1264 324 argumento,
1285 268 1353 323 qui
1385 269 1434 309 de
1466 267 1769 311 Hebraicorum

381 340 622 382 'auctoritate
652 342 901 382 defendenda
932 351 1126 395 satagunt.
1187 342 1331 383 Potuit
1365 341 1544 397 quidem,
1572 358 1646 384 nec
1680 342 1770 384 infi-

380 413 484 464 cior,
505 413 590 468 ipse
621 413 812 454 orationis
832 415 880 454 ad
907 424 1038 455 certos
1059 430 1247 455 numeros
1268 424 1308 455 et
1329 423 1455 455 metra
1477 416 1677 457 adstrictae
1697 432 1770 470 pe-

381 487 585 542 riodisque
616 486 898 528 sententiarum
921 487 1041 528 finitis
1063 488 1224 528 inclusae
1244 487 1418 536 habitus,
1441 486 1561 527 etiam
1581 488 1770 529 carminis

383 559 619 610 obscuritas,
639 561 885 600 contundere
916 560 1112 613 impetum
1142 559 1414 609 librariorum,
1435 575 1485 600 ne
1507 560 1623 600 solita
1642 560 1768 602 licen-

379 633 435 673 tia
455 641 737 685 grassarentur.
796 632 948 672 Verum
971 641 1191 673 metrorum
1223 632 1492 673 dimensiones
1520 641 1560 672 et
1582 647 1768 674 versuum

379 706 653 746 distinctiones
683 705 895 760 ejusmodi,
925 705 1061 759 quales
1096 721 1199 747 nunc
1226 706 1266 746 in
1299 706 1414 746 editis
1447 706 1657 756 habemus,
1686 721 1768 748 non

381 780 492 819 fuere
514 778 554 819 in
578 778 719 832 priscis
738 778 1022 827 voluminibus,
1043 778 1231 818 continua
1252 779 1336 819 fere
1359 780 1574 819 verborum
1596 781 1767 832 ambage

378 860 420 892 et
439 851 717 892 circumductu
747 851 929 904 scriptis;
961 852 1065 891 unde
1097 861 1176 891 tam
1209 850 1372 891 diversae
1393 865 1577 891 versuum
1609 850 1767 891 dimen-

379 924 510 966 siones
531 933 630 964 natae
651 932 754 964 sunt.
814 923 1052 964 Obscuritas
1083 932 1216 964 autem
1239 923 1521 963 sententiarum
1543 931 1654 964 tanto
1677 938 1767 964 mo-

378 997 515 1038 lestior
545 1013 630 1038 esse
652 996 791 1037 debuit
809 996 993 1045 librariis,
1016 1012 1109 1036 cum
1130 1011 1204 1037 nec
1226 996 1456 1036 intentatam
1482 1011 1570 1036 eam
1593 995 1766 1050 relique-

378 1069 468 1120 rint,
491 1069 647 1111 Dorica
676 1071 760 1109 fere
781 1070 911 1109 forma
933 1069 982 1109 ad
1002 1069 1217 1121 vulgarem,
1239 1077 1430 1122 quantum
1462 1083 1534 1122 per
1561 1068 1672 1122 ipsos
1691 1068 1766 1109 fie-

376 1151 450 1192 ret,
471 1143 639 1183 deflexa.

434 1214 630 1255 Notabile
643 1222 703 1253 est
724 1213 762 1252 in
785 1211 949 1251 Pindari
971 1213 1130 1250 fortuna
1150 1210 1270 1250 etiam
1293 1210 1406 1262 illud,
1422 1213 1532 1266 qnod
1549 1220 1589 1252 et
1604 1213 1762 1267 paucis-

374 1286 464 1326 simi
490 1295 530 1325 et
559 1285 777 1325 admodum
800 1293 978 1324 recentes
1000 1283 1118 1338 hujus
1140 1291 1270 1336 poetae
1291 1283 1452 1324 codices
1473 1293 1622 1325 extant.
1681 1286 1762 1327 Vix

374 1362 423 1401 ad
450 1361 502 1400 xl.
524 1359 783 1412 exemplaria,
813 1372 900 1413 quae
927 1372 1094 1411 usquam
1123 1365 1341 1408 serventur,
1371 1358 1588 1399 memorari
1619 1358 1762 1411 video;

373 1448 460 1488 quae
493 1431 687 1484 integram
719 1428 857 1480 περίοδον
886 1429 1129 1479 contineant,
1161 1429 1401 1483 paucissima
1431 1439 1535 1482 sunt,
1567 1432 1761 1487 pleraque

373 1503 567 1558 Olympia
587 1503 789 1553 exhibent,
811 1502 886 1543 alia
907 1502 1025 1543 aliam
1046 1502 1309 1557 particulam:
1340 1512 1380 1544 at
1401 1519 1448 1544 ex
1462 1504 1509 1545 iis
1529 1505 1656 1546 multa
1669 1515 1760 1547 sunt

371 1579 500 1619 multo
521 1577 755 1628 recentiora,
777 1592 895 1631 quam
918 1585 962 1618 ut
981 1577 1060 1617 ulla
1081 1591 1222 1617 eorum
1253 1576 1467 1617 auctoritas
1497 1592 1584 1618 esse
1615 1578 1757 1632 possit.

374 1652 577 1707 Pleraque
596 1651 702 1692 enim
723 1651 856 1692 omnia
887 1667 933 1692 ex
962 1651 1106 1692 seculis
1131 1650 1208 1689 xvi.
1229 1659 1269 1690 et
1290 1665 1352 1690 xv.
1374 1658 1491 1691 sunt:
1523 1665 1612 1704 quae
1642 1666 1757 1692 secu-

370 1726 453 1766 lum
476 1725 552 1766 xiv.
573 1727 782 1776 excedant,
806 1726 913 1765 nulla
932 1726 1065 1766 adhuc
1094 1726 1173 1767 vidi
1200 1735 1536 1768 commemorata.
1597 1727 1757 1769 Proba-

369 1800 451 1840 bile
471 1800 603 1853 itaque
627 1800 685 1849 fit,
706 1816 799 1840 casu
820 1809 1018 1841 servatum
1039 1802 1214 1855 aliquem
1242 1800 1427 1842 codicem
1458 1801 1543 1842 haec
1571 1810 1756 1857 tempora

369 1871 544 1924 attigisse
574 1872 665 1912 satis
696 1872 910 1926 integrum,
932 1882 971 1913 et
1001 1882 1250 1927 protractum
1281 1873 1321 1913 in
1353 1874 1486 1914 lucem
1519 1889 1543 1914 a
1571 1874 1755 1928 pluribus

369 1944 611 1997 descriptum
651 1961 749 1985 esse.
822 1945 1026 2000 Corrupta
1063 1955 1194 1989 autem
1234 1947 1361 1987 multo
1398 1946 1524 2000 magis
1559 1946 1754 2001 Olympia

368 2027 471 2066 sunt,
490 2032 582 2056 cum
606 2017 865 2058 Isthmiorum
886 2019 978 2069 fine,
999 2035 1118 2073 quam
1143 2020 1287 2074 Pythia
1309 2029 1350 2060 et
1374 2020 1547 2061 Nemea.
1608 2021 1690 2062 Sed
1711 2029 1752 2063 et

368 2090 408 2129 in
442 2090 526 2130 aliis
558 2091 818 2144 scriptoribus
851 2093 929 2133 hoc
961 2093 1275 2133 animadvertere
1307 2092 1414 2142 licet,
1447 2093 1568 2147 copia
1607 2108 1751 2146 magna

366 2162 549 2203 codicum
573 2163 826 2217 integriorem
847 2175 886 2206 et
908 2166 1117 2206 meliorem
1146 2165 1360 2206 lectionem
1391 2181 1471 2205 non
1500 2166 1618 2207 facile
1646 2182 1751 2220 prae-

368 2235 492 2285 stari3
523 2245 661 2276 contra
692 2253 713 2277 e
743 2238 996 2279 librariorum
1027 2248 1191 2293 stupore
1212 2239 1274 2279 vel
1295 2238 1504 2279 oscitantia
1534 2239 1748 2281 molestam

366 2308 546 2349 variantis
567 2309 748 2352 lectionis
770 2312 1005 2365 farraginem
1028 2311 1151 2361 nasci,
1180 2326 1321 2366 parum
1345 2321 1413 2352 aut
1431 2311 1530 2351 nihil
1558 2312 1747 2366 profutu-

364 2397 462 2431 ram,
485 2383 553 2422 sed
575 2383 702 2423 multo
723 2384 847 2438 magis
864 2386 1096 2426 obfuturam
1117 2384 1238 2425 etiam
1258 2384 1408 2426 criticis
1428 2383 1582 2425 studiis.

418 2454 532 2499 Quot
558 2463 598 2494 et
625 2471 725 2509 quos
752 2457 912 2499 codices
931 2458 1062 2498 Aldus
1091 2467 1130 2500 et
1158 2459 1378 2499 secundum
1406 2473 1499 2499 eum
1522 2457 1747 2511 Calliergus

362 2527 639 2578 expresserint,
660 2543 740 2568 non
760 2538 928 2570 constat.
989 2529 1032 2570 N
1036 2546 1082 2570 ec
1109 2531 1251 2572 iisdem
1280 2546 1350 2572 eos
1379 2531 1491 2572 libris
1521 2546 1594 2585 per
1613 2539 1744 2572 totum

361 2611 463 2651 opus
483 2614 572 2639 usos
595 2616 678 2641 esse
701 2602 852 2656 liquido
880 2603 1157 2655 cognovimus.
1217 2603 1266 2644 In
1297 2603 1500 2658 Olympiis
1519 2604 1651 2644 Aldus
1671 2619 1743 2644 co-

357 2669 488 2711 dicem
508 2681 710 2713 recentem
732 2674 916 2716 habuisse
944 2675 1111 2727 videtur,
1131 2677 1199 2731 qui
1226 2679 1275 2718 ad
1304 2678 1517 2719 dialectum
1539 2678 1742 2731 vulgarem
