1846 3121
366 103 439 151 20
918 105 1185 163 Praefatio}

367 252 471 298 Quae
501 269 563 296 res
593 257 712 298 toties
747 265 987 304 transversos
1021 265 1116 318 egit,
1147 281 1240 306 cum
1270 266 1384 317 alios,
1413 275 1497 308 tum
1529 267 1746 311 Erasmuni

367 326 634 379 Schmidium,
654 331 722 385 qui
751 347 910 384 gravem
940 337 1240 391 objurgatorem
1271 349 1409 381 nactus
1438 351 1498 382 est
1520 342 1748 394 Pauwium,

367 398 493 439 virum
514 401 621 442 haud
640 404 762 445 dubie
785 405 930 448 Graece
951 410 1116 451 doctum
1135 431 1145 464 3
1176 415 1262 463 sed,
1284 422 1327 454 ut
1347 415 1492 455 fastum
1514 416 1748 457 intolerabi-

365 472 444 512 lem
476 482 516 513 et
544 485 741 528 agrestem
772 480 996 536 durumque
1026 484 1202 524 animum
1223 484 1295 524 viri
1325 486 1577 540 superciliosi
1608 497 1648 527 et
1665 497 1750 528 sto-

365 546 547 587 machosi
567 556 736 600 taceam,
756 554 997 595 commentis
1017 556 1288 607 grammaticis
1310 572 1390 597 non
1418 558 1549 598 minus
1577 559 1748 599 nimium

365 617 622 672 tribuentem,
641 623 718 663 alia
741 640 816 678 pro
835 626 1000 667 arbitrio
1030 640 1228 681 agentem,
1250 645 1351 669 nova
1373 630 1528 671 somnia
1548 630 1749 672 veteribus

365 693 685 736 substituentem.
745 696 792 737 In
824 698 870 738 iis
909 707 1041 740 tamen
1074 703 1297 743 accuratius
1329 703 1593 758 disquirendis
1625 720 1751 758 opera

364 774 500 805 nostra
527 769 718 822 occupari
748 785 821 811 nec
853 781 1011 825 poterat
1031 789 1104 814 nec
1126 776 1313 826 debebat,
1335 777 1392 817 uti
1412 792 1486 817 nec
1515 776 1554 816 in
1574 776 1749 819 dialecto

365 839 631 883 restituenda:
663 843 703 883 in
734 860 810 899 qua
841 846 981 886 dubito
1012 863 1060 887 an
1091 849 1140 887 ad
1170 848 1327 901 regulas
1357 864 1403 889 ac
1424 858 1628 903 praecepta
1654 848 1749 890 satis

365 920 452 953 tuto
473 929 576 956 nunc
597 932 659 957 res
682 919 831 972 ubique
853 921 1029 961 revocari
1051 921 1192 974 possit.

421 985 706 1042 Interpretatio
734 991 773 1031 in
798 992 974 1034 Pindaro
996 1010 1245 1049 nequaquam
1268 995 1406 1035 critica
1433 1010 1558 1048 opera
1584 994 1750 1035 inferior

363 1068 423 1100 est
439 1061 635 1114 habenda,
652 1065 747 1119 quin
768 1067 902 1120 potius
921 1067 1101 1107 criticam
1129 1068 1404 1117 subtilitatem,
1425 1083 1512 1122 quae
1534 1070 1748 1108 verborum

364 1142 404 1174 et
424 1134 583 1188 apicum
606 1138 767 1190 vestigia
789 1139 968 1188 rimatur,
991 1140 1125 1179 multis
1146 1141 1277 1180 modis
1299 1142 1515 1192 antecellit,
1538 1144 1748 1198 multoque

363 1208 478 1260 plura
505 1211 683 1262 requirit,
715 1226 803 1263 quae
825 1226 916 1250 cum
941 1220 1127 1251 accurata
1148 1226 1227 1250 non
1247 1214 1371 1252 modo
1395 1212 1633 1254 Graecarum
1658 1215 1749 1255 lite-

362 1295 494 1321 rarum
516 1282 694 1332 scientia,
722 1299 858 1324 verum
892 1284 1012 1324 etiam
1043 1299 1135 1323 cum
1168 1283 1313 1336 ingenii
1344 1284 1476 1338 aliqua
1499 1286 1550 1335 vi,
1580 1287 1749 1340 phanta-

362 1362 533 1393 smatum
552 1355 730 1405 audacia,
749 1356 952 1412 lyricoque
969 1356 1103 1397 afflatu
1120 1367 1160 1397 et
1175 1373 1433 1398 numerorum
1450 1361 1748 1415 modorumque

362 1440 478 1466 sensu
508 1427 722 1481 conjuncta
752 1439 855 1469 sunt.
916 1429 1018 1476 Quae
1050 1431 1210 1485 quidem
1235 1431 1273 1471 in
1294 1447 1373 1471 uno
1395 1432 1559 1472 homine
1581 1448 1668 1473 esse
1688 1435 1747 1474 fa-

362 1499 438 1539 cile
461 1500 594 1540 omnia
617 1502 678 1541 vix
705 1504 889 1544 arbitror.
950 1504 1046 1550 Quo
1067 1505 1192 1557 magis
1213 1504 1345 1546 divisis
1367 1506 1478 1560 quasi
1500 1521 1669 1560 operum
1691 1506 1748 1547 vi-

363 1572 475 1613 cibus
506 1575 747 1615 conferenda
777 1587 866 1616 sunt
888 1593 909 1617 a
930 1577 1105 1630 singulis,
1128 1594 1218 1632 quae
1239 1594 1312 1633 pro
1334 1579 1435 1619 virili
1457 1579 1625 1634 quisque
1645 1596 1748 1634 prae-

363 1652 466 1685 stare
488 1655 633 1699 potest.
685 1647 824 1702 Itaque
849 1651 1037 1691 constitui
1069 1651 1165 1691 olim
1195 1652 1409 1706 aliquando
1431 1652 1510 1692 alio
1530 1652 1747 1703 volumine,

363 1718 395 1758 si
417 1734 494 1759 non
521 1722 852 1763 commentarium
883 1734 1140 1777 perpetuum,
1160 1725 1344 1765 locorum
1366 1734 1498 1765 tamen
1522 1725 1747 1779 praecipuo-

362 1808 450 1832 rum
482 1794 800 1845 illustrationem,
833 1797 1186 1850 difficiliorumque
1217 1797 1499 1838 enodationem
1531 1799 1747 1854 subjicere,

363 1876 401 1906 et
433 1867 465 1907 si
496 1884 572 1923 qua
605 1870 695 1919 alia,
720 1871 838 1910 etiam
874 1870 1003 1912 critici
1033 1870 1203 1923 generis,
1240 1870 1320 1910 sive
1356 1870 1397 1910 in
1427 1871 1746 1912 enarrationibus

362 1940 533 1992 publicis
565 1943 645 1982 sive
679 1943 718 1982 in
749 1944 923 1984 virorum
955 1946 1169 1985 doctorum
1201 1943 1360 1997 scriptis
1385 1944 1646 1994 occurrerint,
1676 1945 1746 1984 ad-

363 2014 470 2054 dere.
544 2014 669 2056 Haud
704 2017 809 2058 enim
849 2019 1084 2071 ignorabam
1124 2017 1164 2057 in
1204 2017 1474 2057 recentiorum
1513 2017 1746 2058 criticorum

363 2087 520 2142 scriptis
560 2104 771 2131 occurrere
805 2091 1008 2142 nonnulla,
1037 2091 1076 2131 in
1114 2091 1314 2130 veteribus
1343 2106 1438 2130 vero
1475 2091 1747 2143 grammaticis

362 2161 452 2211 alia,
474 2162 617 2216 quibus
648 2163 768 2203 lectio
790 2174 829 2204 et
851 2164 1043 2206 sententia
1070 2163 1284 2204 Pindarica
1305 2164 1490 2203 illustrari
1512 2173 1580 2204 aut
1599 2165 1748 2204 confir-

361 2234 462 2274 mari
482 2235 633 2287 possit3
665 2236 703 2275 in
723 2237 783 2278 his
804 2253 903 2277 vero
918 2237 1198 2292 conquirendis
1218 2252 1322 2277 nunc
1343 2237 1522 2277 desidere
1543 2237 1747 2277 nolebam.

364 2307 538 2363 Recepit
558 2324 652 2349 vero
674 2325 761 2351 eam
794 2326 959 2365 operam
991 2311 1030 2351 in
1061 2325 1102 2350 se
1133 2325 1233 2352 unus
1264 2324 1312 2349 ex
1335 2308 1595 2349 familiaribus
1620 2316 1660 2348 et
1681 2324 1747 2349 so-

363 2382 518 2422 dalibus
560 2382 771 2424 Seminarii
811 2384 1061 2438 philologici,
1097 2384 1168 2425 Jo.
1203 2383 1322 2424 Gott.
1366 2382 1585 2423 Schneider
1605 2382 1646 2432 ¹¹²,
1677 2382 1746 2437 qui

365 2453 520 2497 Graecae
552 2457 818 2513 exquisitioris
849 2457 1016 2512 alicujus
1048 2456 1239 2497 doctrinae
1273 2454 1491 2509 specimina
1519 2460 1605 2509 jam
1641 2457 1746 2508 pub-

416 2622 440 2646 *
470 2621 586 2659 Nunc
604 2622 801 2661 Professor
821 2623 1034 2661 Academiae
1055 2621 1302 2659 Francofurt.
1324 2622 1371 2658 ad
1389 2620 1575 2658 Viadrum
1604 2621 1745 2659 doctri·

364 2705 415 2731 na
431 2694 654 2741 scriptISque
673 2696 789 2731 celeb.
809 2695 984 2731 nominis.
