1846 3121
361 152 470 201 280
972 142 1185 217 Pythia.

511 283 754 353 Ὀμφαλόν
781 282 999 354 ἕριὲςόμου
1027 285 1193 349 χθονός

510 360 583 415 Ἐς
611 357 703 406 mo&
729 358 1092 427 προσοιχόμενοι,
1120 356 1381 419 Πυθιόνικος

365 495 499 532 Isthm.
512 495 548 530 ii.
564 498 602 530 et
617 492 781 530 Scolium
795 492 831 527 in
848 489 1000 539 Fragm.
1018 505 1054 539 p.
1072 496 1131 529 16.
1154 493 1331 531 Ceterum
1347 495 1495 532 videtur
1510 496 1669 534 victoria
1682 498 1762 536 haze

365 549 500 596 respici
519 546 654 583 Isthm.
675 545 712 580 ii.
735 547 800 590 26,
824 547 887 580 27.
918 550 958 580 at
985 546 1130 583 diversa
1147 549 1195 582 ab
1218 560 1261 584 ea
1289 552 1346 584 est
1376 550 1509 593 altera,
1531 562 1642 596 quam
1657 550 1759 588 The-

363 615 437 638 ron
460 606 497 636 et
516 598 753 635 Xenocrates
775 598 962 633 communi
984 600 1137 635 nomine
1156 602 1416 648 obtinuerant,
1438 600 1501 637 Ol.
1522 602 1559 637 ii.
1584 606 1755 640 88—93.

369 659 404 691 1.
435 655 466 696 ἦ,
495 655 639 699 utique,
670 650 770 686 haud
799 651 913 685 dubie
939 652 1175 688 scribendum
1207 666 1277 701 pro
1306 654 1408 701 vulg.
1428 653 1517 693 z—t.
1545 657 1649 701 quod
1674 658 1756 692 lan-

363 711 466 755 guet.
525 707 543 740 ἦ
565 716 718 751 quoque
738 708 793 739 est
813 704 849 738 in
870 701 982 739 Gott.
1095 709 1132 741 2.
1165 708 1409 754 ἀναπολνὲσομεν
1439 708 1588 744 refinxit
1615 708 1757 745 Schmi-

363 761 460 806 dius,
481 759 734 804 versabimus,
755 757 965 791 arabimus.
1024 756 1095 794 Sed
1114 764 1228 793 ’πολεῖν
1247 759 1357 793 etiam
1377 759 1520 808 πολίζειν
1538 761 1663 797 efferri
1684 774 1756 809 po.

352 814 452 858 ‘tuit'
471 816 515 847 ut
534 815 594 845 tot
613 809 686 844 alia
703 821 714 844 :
746 810 1083 855 occurrit-quoque
1103 810 1258 845 πολεύειν.
1368 812 1410 845 4.’
1438 813 1465 850 ἔς
1483 813 1551 848 ναὸν
1570 815 1755 861 vrgao-0124&

359 881 453 914 μενοι.
501 861 755 899 offenderunt
775 862 853 897 haec
872 862 973 897 viros
992 862 1140 899 doctos.
1197 862 1292 898 Satis
1311 864 1509 899 videbatur
1530 864 1596 900 ναὸν
1616 882 1753 913 προσ-οι-

361 918 504 963 χόμενοι.
562 914 646 951 Nec
666 921 790 949 tamen
810 914 897 960 hoc,
918 915 1035 961 quod,
1057 927 1188 951 errore
1205 917 1330 951 nescio
1350 928 1427 962 quo
1447 917 1642 963 abreptus,
1663 918 1753 953 olim

362 969 559 1015 putabam,
574 967 685 1002 metri
702 968 781 1013 lege
800 971 898 1000 stare
919 972 1056 1012 potest.
1113 966 1262 1002 Dawes.
1285 969 1507 1004 emendabat
1528 971 1554 1008 ἔς
1573 969 1639 1004 ναὸν
1658 986 1752 1017 ωας-

360 1022 530 1068 οιχέμενοι.
583 1018 904 1064 Reprehendebat
922 1018 995 1052 hoc
1015 1017 1177 1053 Dorvill.
1198 1019 1244 1052 ad
1265 1018 1463 1055 Chariton.
1488 1033 1524 1066 p.
1545 1023 1636 1055 255.
1659 1033 1751 1068 pro-

362 1073 430 1107 bat
452 1071 622 1118 Burgess.
644 1072 691 1105 ad
711 1069 857 1104 Dawes.
880 1081 916 1114 p.
942 1072 1031 1104 353.
1051 1075 1088 1105 et
1111 1073 1199 1105 5⁶27.
1222 1070 1344 1116 rejicit
1360 1072 1495 1107 iterum
1514 1071 1751 1110 Northmore

362 1125 409 1161 ad
428 1123 641 1173 Tryphiod.
664 1124 753 1158 360.
786 1127 989 1168 tueturque
1009 1123 1186 1170 exemplis
1208 1135 1317 1159 usum
1335 1125 1649 1171 praepositionum
1667 1126 1748 1173 νιπςὲς

359 1261 540 1309 longam3
584 1263 723 1308 praeter
769 1261 831 1295 30.
877 1264 916 1296 et
959 1262 1021 1295 31.

361 1316 466 1361 quod
509 1314 571 1349 ille
625 1324 712 1348 casu
764 1312 907 1348 factum
956 1324 1022 1348 ne.

359 1373 436 1414 gat.
511 1365 689 1403 Ultimam
732 1368 856 1400 tamen
894 1377 1021 1401 versus

360 1421 504 1466 ubique
553 1430 632 1454 esse
684 1418 836 1464 longam
892 1429 1020 1453 omnes

361 1473 618 1515 credebamus,
663 1475 701 1505 et
742 1470 880 1506 iterum
928 1481 1019 1504 con-

360 1529 418 1560 tra
439 1524 588 1560 Dawes.
609 1521 766 1557 asseruit
792 1520 1019 1558 Vauvilliers

361 1577 501 1623 (Mem.
532 1576 576 1611 de
604 1575 629 1609 l'
659 1573 781 1609 Acad.
812 1574 876 1609 cles
895 1573 1015 1611 laser.

357 1630 448 1665 xlvi.
489 1641 528 1675 p.
563 1628 691 1672 2290.
739 1625 881 1663 Verum
922 1628 1015 1674 haec,

356 1683 478 1718 aliena
505 1681 554 1716 ab
583 1680 656 1714 hoc
686 1685 818 1715 nostro
839 1681 1013 1727 consilio,

354 1737 453 1782 (non
475 1734 572 1769 enim
590 1733 808 1778 attingimus
838 1734 905 1767 nisi
930 1745 1012 1779 quae

351 1787 554 1823 sententias
598 1790 720 1831 poetae
768 1786 1012 1832 obscurant,)

350 1841 483 1875 futuro
525 1836 680 1873 Pindari
719 1837 856 1873 editori
898 1839 1011 1873 rolin-

351 1892 502 1939 quenda
519 1895 620 1926 sunt.
679 1890 821 1937 Agitur
844 1902 946 1925 nunc
966 1891 1011 1926 de

351 1943 679 1991 interpretatione,
702 1943 874 1988 adeoque
902 1943 947 1978 de
970 1955 1010 1979 re

347 1999 504 2034 metrica
530 2001 675 2032 tantum
697 1996 891 2041 hacteuus,
914 2007 1007 2041 qua-

347 2058 456 2087 tenus
468 2051 532 2086 illa
543 2060 588 2084 cx
602 2049 671 2084 hac
682 2054 772 2095 apta
782 2052 820 2083 et
831 2060 927 2084 nexa
938 2054 1005 2085 cst.

360 2136 363 2138 ,
401 2102 564 2139 Carmen
582 2100 826 2149 Thrasybulo
851 2102 894 2148 (a
915 2113 1006 2148 poe-

344 2162 385 2192 ta
404 2156 510 2191 valde
534 2163 659 2190 amato
684 2154 844 2201 juveni:
877 2167 912 2189 v.
934 2154 1003 2190 inf.

346 2209 480 2246 Isthm.
498 2209 535 2244 ii.
557 2213 595 2243 et
614 2207 767 2243 Scolion
786 2208 824 2242 in
843 2205 997 2254 Fragm.

343 2275 381 2309 p,
408 2262 492 2307 16.)
513 2262 695 2306 scriptum
723 2271 800 2295 esse
818 2260 855 2296 in
879 2261 999 2295 victo-

343 2316 435 2351 riam
466 2315 582 2361 patris
614 2311 857 2358 Xenocratis,
888 2312 998 2359 cujus

341 2368 541 2414 quadrigas
554 2367 634 2412 ipse
649 2365 744 2400 filius
760 2372 919 2408 rexerat,
934 2371 999 2410 pa-

343 2430 511 2467 thremque
543 2419 723 2453 victorem
758 2418 1001 2463 pronuntiari

338 2472 518 2519 jusserat,
534 2471 614 2518 jam
644 2478 732 2505 ante
751 2482 773 2505 a
798 2470 906 2505 nobis
928 2470 997 2504 ob-

340 2533 528 2561 servatum
548 2529 641 2559 erat.
689 2521 782 2558 Fuit
799 2522 896 2557 enim
916 2520 996 2557 Xe-

340 2579 506 2614 nocratis
556 2577 714 2612 victoria
754 2574 916 2624 Pythica
960 2580 998 2610 et

342 2628 544 2673 Isthmica3
578 2635 736 2675 utraque
761 2640 783 2663 a
809 2627 995 2663 Simonide

342 2693 494 2726 quoque
512 2676 684 2716 carmine
712 2682 925 2717 celebrata:
958 2693 993 2715 v.

339 2733 464 2780 Schol.
489 2735 534 2768 dd
556 2733 689 2770 haiim.
711 2734 749 2776 ii.
773 2745 831 2780 pr.
883 2732 993 2769 luiti-

1092 1271 1152 1294 um
1173 1260 1265 1295 facit
1286 1263 1397 1306 poeta
1415 1258 1462 1294 ab
1483 1270 1543 1305 eo,
1565 1258 1698 1304 quod
1688 1269 1746 1293 in-

1090 1314 1185 1348 vitat
1215 1312 1263 1347 ad
1300 1313 1526 1347 audiendum
1563 1311 1748 1360 hymnum

1089 1359 1241 1400 laudum
1286 1363 1529 1400 Xenocratis.
1586 1363 1744 1410 Audite,

1087 1418 1224 1463 inquit,
1248 1429 1381 1452 canam
1401 1417 1533 1453 laudes
1546 1414 1745 1453 Xenocra-

1085 1472 1150 1515 tis,
1161 1469 1426 1516 Agrigentini,
1440 1472 1596 1506 victoris
1604 1467 1743 1518 Pythi.

1083 1524 1118 1557 εἰ
1131 1534 1143 1557 .·
1173 1534 1243 1568 pro
1264 1522 1364 1558 ludis
1381 1521 1556 1570 Pythicis
1572 1523 1744 1559 nominat

1083 1573 1254 1623 Delphos
1269 1588 1281 1609 .·
1323 1576 1366 1614 inv
1399 1575 1456 1610 his
1493 1575 1588 1610 ludis
1628 1587 1740 1621 para..

1082 1631 1121 1662 ta
1141 1627 1266 1663 fuerat
1285 1627 1492 1663 multorum
1511 1627 1740 1674 hymnorum

1082 1682 1262 1716 materies
1289 1680 1547 1727 Agrigentinis
1576 1692 1644 1727 per
1661 1681 1739 1716 vic-

1083 1733 1200 1768 torias
1220 1733 1380 1776 civium;
1413 1733 1510 1767 hanc
1539 1734 1737 1769 materiem

1079 1784 1307 1833 hymnotam
1353 1785 1522 1832 appellat
1573 1783 1735 1833 θηπιυςόν

1079 1834 1184 1883 ὑμνων,
1234 1837 1519 1898 comparatione
1572 1837 1734 1872 aliorum

1077 1888 1355 1934 thesaurorum,
1399 1891 1465 1936 qui
1511 1890 1548 1925 in
1590 1889 1734 1935 templo

1077 1939 1264 1989 Delphico
1305 1949 1428 1988 erant,
1465 1943 1511 1978 ad
1551 1942 1734 1978 servanda

1076 1994 1234 2031 donaria
1269 1996 1458 2031 variarum
1499 1994 1656 2035 urbium¹
1689 2006 1734 2030 ae

1079 2050 1339 2094 populorum:
1363 2049 1418 2084 ⁴de
1445 2048 1581 2094 quibus
1613 2047 1733 2083 multa

1075 2102 1178 2147 apud
1197 2100 1386 2137 Herodot.
1405 2106 1445 2137 et
1466 2099 1628 2136 Pausan.
1651 2111 1729 2135 me-

1073 2160 1284 2189 morantur.
1342 2152 1431 2190 Jam
1467 2154 1522 2189 his
1563 2152 1729 2188 donariis

1074 2213 1255 2253 praestant
1272 2207 1399 2243 laudes
1414 2211 1452 2242 et
1468 2206 1613 2254 hymni,
1635 2216 1727 2251 poe-

1068 2265 1114 2294 tae
1130 2261 1283 2307 virtute,
1298 2261 1346 2294 ad
1362 2256 1620 2307 posteritatem
1638 2269 1726 2305 per-

1066 2312 1252 2347 duraturi.

1133 2369 1147 2399 1
1169 2386 1221 2392 —-
1241 2369 1299 2400 13.
1347 2363 1545 2400 Attendite
1563 2375 1581 2406 ,·
1623 2364 1724 2408 paro

1066 2416 1246 2464 hymnam
1291 2419 1331 2452 in
1375 2416 1525 2452 laudem
1565 2416 1722 2450 victoris

1067 2467 1234 2516 Pythici,
1253 2472 1317 2504 cui
1328 2469 1431 2516 apud
1442 2466 1611 2514 Delphos
1622 2479 1722 2514 pur-

1065 2527 1145 2562 tum
1164 2527 1221 2556 est
1239 2522 1348 2556 ‹le-cus
1363 2526 1563 2557 aeternum.
1612 2516 1736 2566 Agerv

1064 2573 1267 2610 Musarum
1295 2586 1319 2608 a
1346 2574 1465 2620 poetis
1491 2573 1565 2608 cole·
1580 2572 1718 2620 dictus,

1064 2639 1118 2662 res
1137 2639 1238 2662 nunc
1255 2632 1345 2662 nota
1359 2631 1427 2661 est.
1458 2624 1520 2661 Cf.
1538 2623 1651 2661 Nem.
1666 2625 1717 2660 vi.

1064 2682 1126 2715 56.
1147 2691 1185 2714 Χ.
1207 2682 1270 2716 49.
1314 2677 1430 2714 Nunc
1451 2690 1604 2724 quoque
1622 2689 1718 2725 ager

1065 2731 1221 2774 Veneris
1248 2737 1285 2769 et
1303 2728 1501 2775 Clrarc'tum
1531 2741 1716 2768 memora-
