1846 3121
340 119 409 169 10
890 114 1159 169 Praefatio.

336 267 523 320 faciebat,
544 281 617 310 nec
637 267 762 310 alium
783 269 957 311 fructum
986 271 1129 312 afferre
1148 277 1321 326 poterat.
1380 270 1479 311 Alio
1500 270 1607 312 enim
1627 270 1719 313 loco

336 342 543 383 habendus
570 350 632 383 est
658 351 799 384 auctor
827 342 1032 394 classicus,
1053 343 1132 384 alio
1150 342 1460 396 grammaticus:
1492 344 1566 384 etsi
1585 343 1626 385 in
1647 357 1721 384 suo

336 415 475 455 ordine
496 415 596 456 inter
616 415 962 470 praestantissimos
983 417 1204 458 habendus.
1264 415 1441 456 Possunt
1457 423 1588 456 tamen
1610 415 1650 456 in
1671 430 1722 457 eo

335 487 479 529 codice
507 488 637 529 adhuc
666 489 803 540 latere,
824 504 912 544 quae
941 505 1006 530 me
1035 491 1246 542 fugerunt3
1277 497 1317 528 et
1350 487 1491 541 dignus
1511 487 1578 528 ille
1599 487 1722 528 videri

335 561 470 610 debet,
490 575 612 614 quem
641 560 782 616 aliquis
811 569 926 602 aetate
950 563 1090 617 junior
1124 562 1322 616 integrum
1355 570 1588 615 comparet:
1632 569 1724 603 sunt

337 633 443 673 enim
466 633 629 674 Scholia
649 635 846 688 ampliora
866 635 1080 686 interdum,
1098 651 1170 677 nec
1192 636 1302 677 omni
1324 638 1430 676 bona
1452 637 1565 689 fruge
1586 650 1723 677 vacua.

336 705 504 747 Codicis
525 707 742 762 descriptio
763 708 865 748 infra
885 707 1057 749 dabitur.

394 780 636 833 Fragmenta
658 781 823 822 Pindari
844 781 942 821 mihi
963 781 1089 835 magis
1110 781 1222 822 cordi
1245 789 1349 832 sunt,
1370 796 1490 836 quam
1512 782 1616 822 forte
1637 780 1725 822 aliis

336 852 537 894 videbitur
569 854 836 894 necessarium
876 869 976 895 esse.
1037 854 1129 907 Ego
1162 870 1257 895 vero
1297 855 1352 895 ita
1390 870 1551 905 censeo,
1578 869 1726 908 magno

337 940 411 966 nos
443 926 643 967 beneficio
674 926 922 980 obstringere
951 943 1035 978 eos,
1057 927 1124 982 qui
1157 927 1400 981 scriptorum
1439 927 1726 982 antiquiorum,

338 1013 510 1053 quorum
541 999 732 1054 pleraque
762 999 1009 1051 interierunt,
1036 1016 1176 1041 omnes
1206 1000 1407 1054 reliquias,
1443 1016 1531 1056 quae
1563 1000 1726 1055 quidem

340 1072 508 1125 reperiri
544 1072 712 1126 possint,
741 1073 1007 1126 conquirunt3
1047 1075 1264 1114 multarum
1296 1075 1401 1114 enim
1433 1090 1567 1115 rerum
1606 1074 1729 1128 origi-

338 1159 423 1195 nes,
462 1145 776 1198 antiquissimam
813 1145 979 1185 aliarum
1019 1146 1315 1198 auctoritatem,
1355 1148 1481 1187 multa
1523 1147 1730 1202 exquisiti-

340 1216 421 1257 oris
449 1217 676 1266 literaturae,
710 1216 749 1256 in
784 1216 830 1256 iis
862 1232 1074 1258 occurrere
1106 1219 1224 1269 novi3
1265 1219 1450 1260 illustrari
1487 1220 1577 1271 alia,
1608 1228 1648 1261 et
1680 1236 1729 1262 ex

339 1288 386 1329 iis
425 1288 589 1342 digestis
619 1298 660 1329 et
694 1289 898 1329 illustratis
933 1291 1059 1330 multa
1093 1291 1334 1345 scriptorum
1371 1293 1460 1333 loca
1493 1293 1624 1333 lucem
1657 1295 1732 1334 foe-

338 1362 481 1402 nerari.
548 1361 789 1414 Lyricorum
828 1370 963 1403 autem
1009 1363 1232 1415 fragmenta
1272 1379 1320 1403 ex
1355 1373 1484 1418 strage
1517 1374 1729 1419 poetarum

340 1435 460 1489 hujus
498 1434 655 1486 generis
696 1442 846 1474 servata
888 1434 1050 1489 majoris
1089 1434 1208 1475 etiam
1250 1437 1445 1477 momenti
1486 1448 1589 1486 sunt,
1622 1441 1733 1494 qnod

343 1516 384 1548 et
412 1506 608 1547 sermonis
638 1506 868 1559 lyricorum,
891 1515 931 1548 et
952 1507 1152 1559 metrices,
1173 1517 1213 1549 et
1232 1510 1456 1562 argumenti
1478 1512 1528 1550 ab
1558 1511 1606 1552 iis
1627 1520 1731 1554 trac-

343 1579 416 1621 tati
437 1578 601 1632 vestigia
621 1579 934 1620 subministrant.
985 1580 1171 1622 Collecta
1194 1581 1358 1622 Pindari
1382 1583 1622 1636 Fragmenta
1643 1594 1732 1626 sunt

342 1651 569 1693 incredibili
590 1667 683 1692 cum
705 1653 844 1693 labore
860 1669 882 1693 a
904 1653 986 1693 viro
1007 1654 1256 1705 doctissimo,
1274 1655 1626 1708 Sem-mmmm,
1641 1667 1733 1700 ante

343 1725 454 1766 xxiii.
476 1740 624 1776 annos;
656 1726 772 1767 facile
794 1729 844 1767 ab
866 1742 916 1767 eo
929 1727 1154 1781 impetravi,
1167 1736 1210 1767 ut
1231 1728 1371 1768 liceret
1391 1744 1438 1769 ea
1458 1739 1672 1772 retractare
1693 1740 1734 1773 e‘t

347 1798 440 1839 huic
462 1797 628 1839 editioni
658 1798 844 1849 inserere,
870 1814 975 1839 novo
1006 1815 1097 1840 cum
1130 1800 1326 1852 instituto,
1349 1810 1393 1842 ut
1422 1818 1469 1843 ea
1488 1804 1733 1847 collocarem

346 1869 425 1910 alio
447 1869 586 1910 ordine
616 1878 656 1910 et
684 1870 909 1924 digererem
936 1874 1155 1914 secundum
1177 1874 1407 1928 scriptores,
1429 1876 1497 1931 qni
1517 1876 1584 1918 illa
1604 1893 1734 1920 serva-

347 1952 464 1994 runt3
495 1959 603 1995 cum,
625 1943 657 1984 si
677 1944 755 1985 hoc
777 1960 978 1996 novarem,
1000 1947 1160 2002 adjecto
1187 1957 1381 2001 praeterea
1403 1949 1534 1991 indice
1558 1951 1734 2005 singulo-

349 2032 438 2057 rum
459 2017 658 2067 locorum,
675 2017 729 2057 ita
750 2018 987 2060 effecturum
1009 2036 1074 2061 me
1095 2036 1181 2062 esse
1205 2022 1397 2075 viderem,
1417 2033 1461 2064 ut
1482 2024 1521 2064 in
1541 2035 1734 2081 promptu

349 2090 413 2140 sit,
436 2089 467 2130 si
488 2105 565 2144 qua
586 2089 662 2130 alia
692 2091 912 2144 fragmenta
932 2109 972 2133 se
1005 2095 1237 2147 obtulerint,
1259 2096 1339 2138 suis
1359 2112 1406 2137 ea
1427 2097 1527 2139 locis
1547 2099 1734 2151 inserere,

353 2162 552 2218 simulque
580 2163 754 2217 reperire
788 2180 847 2215 ea,
883 2182 969 2221 quae
991 2167 1079 2222 jam
1112 2167 1152 2209 in
1185 2185 1352 2210 recensu
1385 2172 1492 2211 facto
1523 2172 1735 2215 habentur.

353 2235 457 2281 Quae
488 2235 634 2276 auxilia
664 2245 704 2277 et
733 2238 909 2279 subsidia
940 2255 1031 2280 enm
1064 2251 1178 2282 antea
1209 2244 1415 2283 deessent:
1449 2253 1666 2298 potuerunt
1696 2247 1736 2288 in

355 2308 675 2350 ScuNmnEm
700 2325 865 2352 recensu
885 2313 1114 2365 desiderari,
1135 2331 1223 2370 quae
1245 2316 1284 2356 in
1312 2332 1362 2356 eo
1390 2316 1580 2370 latebant,
1601 2327 1641 2359 et
1661 2335 1737 2374 po-

359 2382 435 2423 tuit
467 2397 570 2432 esse,
604 2382 672 2436 qui
706 2385 993 2437 pronuntiaret,
1015 2389 1331 2441 fragmentorum
1364 2398 1518 2443 partem
1551 2405 1737 2445 magnam

357 2455 731 2496 SCHNEIDERUM
755 2457 925 2510 fugisse3
957 2460 1098 2500 vellem
1113 2477 1236 2501 unum
1258 2469 1298 2503 et
1313 2461 1481 2503 alterum
1503 2463 1737 2518 exemplum

359 2527 588 2580 appositum
608 2527 745 2568 suisset
763 2529 770 2568 ἶ
823 2529 1012 2572 Carmina
1034 2533 1211 2584 Pindari,
1225 2550 1246 2575 e
1268 2535 1412 2590 quibus
1432 2537 1652 2590 fragmenta
1673 2553 1740 2579 su-

362 2608 537 2654 persunt,
561 2609 784 2642 memorata
815 2612 906 2644 sunt
938 2606 988 2645 ad
1020 2606 1172 2647 calcem
1207 2607 1246 2648 in
1283 2606 1441 2650 Ordine
1473 2608 1740 2666 Fragmento-

363 2686 467 2713 rum.
525 2671 711 2717 Quorum
743 2683 933 2728 praeterea
960 2679 1182 2721 carminum
1203 2682 1365 2724 nomina
1389 2699 1412 2724 a
1432 2682 1555 2725 Suida
1573 2692 1640 2726 aut
1656 2685 1741 2727 aliis
