1846 3121
665 103 935 157 Praefatio.
1424 95 1490 164 1⁸9

95 263 303 307 Brubach.
332 263 563 319 Genevens.
593 269 634 302 et
664 257 916 307 Oxoniensi3
947 271 1054 305 nam,
1076 269 1165 309 quae
1196 254 1236 294 in
1266 256 1341 296 hac
1373 256 1489 297 variis

91 337 334 382 lectionibus
369 338 419 377 ad
454 334 649 389 Olympia
688 334 930 386 interspersa
965 338 1056 370 sunt
1098 326 1233 368 brevia
1267 328 1419 368 scholia
1451 339 1491 369 et

90 409 235 463 glossae
254 410 527 451 interlineares
549 424 570 449 e
594 408 717 448 Bodl.
739 407 859 447 codd.
881 403 1014 457 exigui
1035 410 1104 443 aut
1123 400 1270 441 nullius
1292 408 1382 440 sunt
1404 416 1491 441 ino-

91 483 233 524 menti.
295 482 489 523 Dubitari
518 481 639 522 etiam
670 487 818 535 potest,
842 478 873 518 si
904 477 1076 518 aliorum
1105 474 1293 516 codicum
1325 474 1492 514 Scholia

91 564 395 609 comparentur,
416 570 466 595 an
487 570 536 594 ex
567 553 615 594 iis
645 553 772 593 multa
803 560 964 593 erutura
994 550 1044 590 sit
1065 549 1241 589 virorum
1272 548 1490 587 doctorum

90 627 298 680 industria,
320 642 409 683 quae
430 627 597 681 vulgatis
618 625 741 667 attexi
768 634 809 666 et
839 624 958 665 inseri
990 629 1231 663 mereantur.
1293 619 1492 674 Subjecta

89 710 195 752 sunt,
215 701 348 742 statim
379 701 420 741 in
450 702 515 742 ed.
538 701 738 749 Romana,
761 700 811 740 ad
841 698 996 740 calcem
1019 697 1245 738 carminum
1268 692 1487 747 Olympio-

88 789 179 815 rum
213 773 380 815 Scholia
413 773 694 824 recentiorum,
715 788 804 828 quae
835 780 994 822 vocant,
1029 769 1246 811 Demetrio
1275 766 1490 816 Triclinio‚

91 856 137 889 ut
157 847 197 889 in
216 849 348 889 fronte
379 862 522 888 eorum
552 855 736 887 notatum
769 856 842 896 est,
864 846 984 898 vulgo
1007 843 1171 884 tributa.
1231 841 1280 882 Id
1302 842 1412 895 quod
1433 849 1491 881 ta-

92 936 187 963 men
209 930 250 962 et
269 920 325 962 ibi
358 935 501 975 parum
533 920 685 975 liquida
715 921 794 961 fide
814 919 875 970 fit,
896 927 950 969 et,
971 917 1046 958 nisi
1067 916 1220 957 laciniae
1241 915 1379 955 alienae
1400 929 1491 968 pas-

89 993 165 1035 sim
198 994 355 1034 insertae
387 1001 492 1043 sunt,
525 993 695 1033 Scholio
723 995 773 1034 ad
806 992 976 1046 Olymp.
1010 989 1093 1031 xiii.
1127 990 1196 1036 69.
1230 1004 1270 1043 p.
1301 989 1393 1030 156.
1425 989 1488 1028 ed.

91 1066 230 1108 Oxou.
251 1066 332 1108 col.
359 1073 394 1107 1.
415 1067 443 1106 f.
464 1065 674 1117 refellitur,
696 1067 766 1107 ubi
797 1075 938 1107 auctor
969 1080 1010 1105 se
1042 1065 1091 1104 de
1118 1062 1145 1104 J
1151 1077 1272 1103 asoue
1294 1061 1489 1102 narratio-

90 1157 184 1184 nem
206 1142 414 1196 copiosius
434 1144 484 1182 ad
508 1142 824 1196 Lycophronem
847 1139 1081 1194 exposuisse
1102 1138 1170 1179 ait.
1223 1138 1396 1178 Factum
1419 1152 1490 1177 au-

91 1225 173 1256 tem
209 1216 289 1256 hoc
325 1215 364 1255 in
396 1215 565 1268 vulgatis
593 1218 667 1255 sub
699 1216 740 1256 T
742 1213 860 1255 zetzis
891 1212 1055 1253 nomine
1087 1213 1136 1251 ad
1172 1211 1486 1264 Lycophronem

90 1287 392 1328 commentariis
422 1289 527 1327 adv.
560 1294 648 1337 174,
670 1294 710 1328 5.
732 1297 775 1327 ut
799 1288 915 1335 adeo,
941 1284 1016 1325 nisi
1048 1283 1140 1324 hine
1171 1299 1218 1325 ea
1249 1283 1487 1337 transcripta

86 1369 192 1410 sunt,
213 1360 390 1414 utrisque
413 1360 589 1400 Scholiis
610 1360 716 1399 idem
739 1368 879 1398 auctor
900 1358 1020 1397 fuisse
1038 1356 1232 1396 videatur.
1285 1356 1424 1397 Multa
1446 1358 1486 1397 in

87 1433 135 1474 iis
163 1440 254 1472 sunt
284 1432 640 1485 grammaticorum
663 1431 859 1471 seriorum
882 1438 1114 1470 commenta
1134 1437 1173 1469 et
1195 1429 1357 1470 minutae
1377 1446 1487 1485 quae-

87 1505 322 1556 stiunculae;
353 1506 404 1545 ad
436 1507 652 1546 verborum
687 1514 820 1545 tamen
847 1503 1098 1556 singulorum
1128 1510 1169 1542 et
1199 1501 1486 1544 sententiarum

86 1579 391 1632 grammaticam
411 1579 722 1619 declarationem
743 1578 851 1618 haud
872 1592 1000 1631 pauca
1020 1585 1253 1626 occurrunt,
1276 1592 1364 1631 quae
1389 1577 1487 1617 Pin-

88 1653 174 1694 dari
202 1652 404 1693 studiosos
429 1653 573 1708 juvare
601 1660 782 1706 possunt.
843 1650 1046 1691 Eustathii
1079 1650 1198 1690 etiam
1230 1650 1329 1690 olim
1358 1650 1488 1691 Com³

86 1725 273 1766 mentarii
308 1726 348 1766 in
383 1725 607 1766 Pindarum
641 1726 826 1765 fuerunt:
867 1739 1039 1778 quorum
1077 1723 1358 1777 praefationem
1391 1724 1485 1765 satis

86 1799 249 1852 longam
270 1807 310 1839 et
341 1799 538 1840 eruditam
566 1799 882 1853 manuscriptam
914 1797 952 1836 in
981 1797 1230 1837 bibliotheca
1262 1796 1485 1837 Basileensi

85 1887 127 1914 se
147 1872 290 1913 vidisse
311 1872 365 1913 ait
385 1873 422 1913 la
444 1872 576 1914 Croze
597 1872 637 1912 in
659 1888 726 1927 ep.
743 1873 793 1913 ad
812 1872 837 1913 J
845 1887 884 1911 o.
901 1869 1039 1924 Chph.
1057 1869 1266 1911 Wolfium.
1282 1870 1483 1910 Thesaur.

87 1945 264 1999 Epistol.
285 1954 385 1986 tom.
406 1945 462 1986 iii.
485 1961 525 2000 p.
546 1948 646 1988 256.
707 1946 812 1993 Quae
841 1945 1002 1985 tandem
1032 1944 1291 1997 praefiguntur
1320 1943 1484 1996 siugulis

83 2018 329 2059 carminibus
363 2019 531 2059 Scholia
559 2022 637 2069 wag>
663 2026 721 2059 τῶν
737 2020 850 2061 κώλων,
874 2019 914 2059 in
947 2017 1152 2071 Olympiis
1184 2026 1224 2057 et
1245 2016 1375 2071 prima
1403 2016 1484 2070 Py-

84 2092 168 2133 thia
196 2092 359 2146 antiqua
389 2101 494 2143 suut,
514 2093 667 2147 reliqua
689 2107 711 2132 a
730 2091 930 2132 Triclinio
961 2091 1161 2141 confecta,
1183 2090 1250 2145 qui
1282 2099 1322 2131 et
1347 2090 1483 2144 priora

83 2166 317 2206 emendasse
339 2166 477 2206 fertur.
528 2165 596 2207 Cf.
619 2165 759 2206 Schol.
782 2181 822 2219 p.
851 2166 942 2212 169.
963 2169 1023 2219 (p.
1053 2171 1115 2205 15.
1137 2166 1201 2205 ed.
1225 2165 1381 2217 Oxou.)
1432 2164 1482 2205 Iu

81 2239 219 2280 metris
252 2239 488 2281 definiendis
519 2255 569 2279 an
600 2240 681 2279 ulla
712 2239 982 2294 antiquiorum
1016 2239 1374 2293 grammaticorum
1416 2240 1479 2280 fu-

82 2313 159 2354 erit
189 2327 328 2366 opera,
355 2312 604 2367 pronuntiari
628 2312 794 2367 nequit3
825 2312 857 2352 si
879 2312 954 2352 fuit
975 2313 1069 2361 ulla,
1091 2312 1347 2353 librariorum
1370 2313 1482 2353 incu-

82 2385 140 2427 ria
161 2401 208 2426 ea
239 2394 300 2426 est
329 2385 566 2440 intercepta.
628 2384 899 2426 Grammatici
931 2386 1099 2427 seriores
1129 2388 1179 2428 de
1211 2387 1348 2427 metris
1378 2388 1483 2427 mul-

81 2466 168 2499 tum
189 2459 434 2508 laborarunt,
455 2459 563 2499 fama
592 2473 642 2498 ne
673 2457 805 2513 aliqua
836 2473 886 2499 an
915 2459 1069 2501 ratione
1100 2461 1179 2502 ulla
1201 2461 1326 2511 ducti,
1351 2461 1480 2502 incer·

81 2539 166 2571 tum
198 2540 283 2581 est3
326 2539 434 2571 certe
470 2547 540 2571 eos
579 2531 705 2571 multa
738 2543 971 2574 commenta
1003 2534 1197 2585 attulisse,
1227 2544 1399 2575 metrum
1429 2551 1478 2576 ex

83 2618 159 2644 una
179 2605 351 2646 alterave
371 2606 538 2660 stropha
565 2605 834 2656 constituisse,
856 2607 1109 2662 reliquasque
1141 2617 1237 2663 typo
1269 2609 1387 2649 metri
1415 2625 1478 2650 se-

82 2676 164 2717 mel
191 2678 379 2719 confecto
410 2680 722 2720 accommodare
743 2679 916 2720 voluisse
945 2682 1095 2735 passim
1126 2682 1383 2723 manifestum
1417 2683 1476 2728 fit,

813 2755 839 2793 d
860 2760 887 2795 2
