1846 3121
648 138 880 194 Carmen
925 139 971 194 I.
1366 145 1473 200 161*

238 284 332 334 Γοῖν
357 306 400 335 τε
427 285 504 335 καὶ
528 280 688 332 πόντον
715 283 816 332 κατ’
840 277 1164 352 οἷμαιμοῖκετον·

229 355 319 415 ''Og
343 359 380 407 τ’
404 356 439 407 ἕν
460 355 559 427 αἰνᾷ
583 353 798 426 Ταρτάρῳ
825 358 913 406 κεῖε

308 454 396 487 ται,
424 428 540 478 θεῶν
564 429 804 498 πολέμιος,
1420 454 1475 490 30

234 501 400 569 Τυφῶς
425 501 832 571 ἑκατοντακάρανος·
874 502 942 553 τόν
967 525 1083 554 ποτε

233 577 429 625 Κιλίκιον
456 572 615 644 θρέψεν
641 574 829 626 πολυώ-

303 671 426 716 νυμον
451 650 608 718 ἄντρον·
648 651 714 699 νῦν
740 672 792 715 ’γε
818 648 908 719 μοῖν

231 723 325 770 Ταῖ
345 720 396 770 θ’
419 722 523 791 ὑπέρ
548 719 710 791 Κύμας
734 722 953 792 ἁλιερκέες
978 722 1127 788 ὄχθαι

231 796 416 844 Σικελία
443 798 481 846 τ’
506 798 619 846 αὖτὲ
644 794 790 866 πιέζει
1419 822 1471 859 35

229 866 385 936 Στέρνα
412 867 687 933 λαχνάεντα·
730 872 832 920 κίων
1028 871 1030 873 V

231 943 291 990 Δ’
312 944 477 1013 οὐρανία
505 941 695 1007 συνέχει,

182 1068 186 1072 ,
228 1015 450 1081 Νιφόεσσ-’
477 1015 629 1074 Αἴτνα,
657 1014 847 1075 πάνετες

229 1088 377 1147 Χιόνος
402 1090 544 1155 ὀξείας
566 1087 744 1148 τιθήνα·

636 1241 672 1273 Σ.
691 1238 737 1281 β’.
773 1242 814 1272 Κ.
834 1238 891 1281 ιβ’.

227 1308 365 1364 Τας
353 1305 407 1376 ἕρ
395 1329 590 1371 ευγονται
618 1331 671 1376 με
656 1331 693 1356 ν
718 1307 875 1358 ommi—
928 1333 966 1341 τ’
1412 1329 1472 1370 40

298 1402 373 1428 του
398 1402 539 1449 πυξος
563 1380 804 1445 αγνόταται

77 1536 154 1573 {um
181 1535 351 1584 sphalma
368 1535 428 1573 ed.
450 1534 655 1573 Cratandr.
713 1542 761 1573 Π.
780 1534 812 1573 3⁹
827 1535 955 1578 ἇϊόντας
983 1535 1067 1573 cod.
1089 1535 1336 1585 Augustanus
1364 1542 1469 1588 apud

78 1590 241 1627 Schmid.
353 1592 497 1627 31—-6,
527 1591 707 1638 leguntur
725 1601 789 1637 ap.
810 1589 935 1626 strab.
956 1591 1033 1626 xiii.
1056 1602 1094 1638 p.
1119 1593 1209 1627 930.
1233 1593 1296 1628 ubi
1316 1597 1354 1629 et
1371 1595 1467 1632 alius

77 1644 125 1680 de
143 1643 335 1693 Typhone
348 1644 454 1680 locus
470 1657 492 1681 e
506 1642 688 1693 Pindaro,
709 1656 819 1691 quem
839 1654 876 1679 v.
895 1643 932 1679 in
953 1642 1204 1692 Fragmentis.
1276 1649 1339 1683 32.
1361 1646 1467 1697 ἓςὲψε

77 1695 194 1734 Rom.
215 1701 255 1735 et
273 1701 362 1734 cett.
412 1695 530 1746 θρέψεν
548 1697 756 1735 Schmidius
775 1709 860 1733 cum
881 1697 972 1734 Ald.
994 1702 1032 1733 et
1051 1696 1159 1734 Crat.
1270 1703 1334 1736 33.
1357 1700 1466 1749 -νυμὸν

76 1753 108 1787 τ’
126 1751 216 1788 Ald.
246 1751 406 1787 adverso
429 1755 564 1788 metro.
650 1755 713 1788 35.
744 1750 802 1788 De
830 1755 952 1787 metro
972 1763 1009 1787 v.
1030 1752 1078 1787 ad
1097 1764 1133 1788 v.
1158 1754 1245 1788 171.
1288 1754 1422 1789 Σικελία
1436 1753 1467 1789 τ’

76 1806 150 1841 erit
168 1805 522 1853 proceleusmaticus
543 1817 615 1853 pro
635 1817 770 1854 paeone
788 1809 940 1852 quart0.
1052 1806 1115 1840 38.
1136 1806 1278 1849 νιφόεσσ’
1293 1809 1330 1840 et
1347 1805 1462 1851 χιόνος.

75 1857 146 1895 Sed
166 1858 282 1904 νιφετὸν
301 1863 338 1894 et
354 1859 453 1906 χιόνα
468 1857 632 1908 jungere
650 1860 805 1896 solenne
824 1858 961 1906 poetis,
981 1869 1018 1893 v.
1041 1868 1073 1893 c.
1098 1856 1146 1893 Il.
1167 1857 1207 1894 κ’.
1231 1859 1270 1893 7.
1291 1863 1347 1894 est
1366 1857 1466 1893 enim

75 1912 236 1948 alterum
256 1912 465 1960 significatu
486 1914 706 1959 procellosae
729 1912 956 1960 tempestatis
976 1910 1239 1958 conjunctum.
1307 1913 1373 1948 41.
1394 1909 1463 1955 οἶγ-

75 1964 217 2001 νώταται
239 1964 352 2001 Rom.
373 1969 412 2001 et
427 1963 533 2003 Crat.
551 1979 636 2003 cum
652 1966 764 2003 Bodl.
779 1967 824 2009 β’.
838 1966 881 2011 γ’.
937 1963 1008 2000 Sed
1027 1964 1220 2000 emendate
1237 1963 1359 2002 Brub.
1376 1975 1464 2000 cum

76 2027 180 2062 seqq.
207 2019 413 2054 secundum
432 2018 491 2053 ed.
512 2019 604 2056 Ald.
666 2019 828 2056 Dubitat
852 2015 982 2054 Pauw.
1003 2029 1050 2052 an
1078 2029 1157 2053 non
1182 2022 1298 2064 poeta
1316 2017 1463 2055 dederit

74 2066 225 2106 ἅπλατοι
240 2070 340 2118 ωυςὸς
358 2068 536 2115 οἷ’γνοτοῖτου
555 2075 588 2109 ἔκ
604 2072 716 2120 μυχῶν
735 2071 864 2117 παγαί.
897 2071 954 2107 At
967 2071 1052 2106 Viro
1069 2071 1108 2106 in
1127 2068 1279 2109 Plndarl
1298 2072 1464 2108 lectione

74 2126 225 2158 versato
240 2123 432 2169 quomodo
451 2122 514 2159 illa
527 2124 781 2171 epithetorum
801 2124 1046 2160 translocatio
1062 2123 1226 2161 insolens
1238 2126 1357 2162 videri
1374 2128 1460 2174 pot—

74 2174 184 2212 erat?
230 2175 300 2212 Est
325 2180 451 2212 autem
479 2174 571 2222 οἱγνὸν
599 2178 693 2225 ignis
720 2177 916 2225 epitheton
943 2177 1161 2225 simpliciter
1187 2190 1341 2228 ornans,
1370 2184 1409 2215 et
1435 2189 1460 2214 a

126 2297 194 2333 40.
225 2294 291 2332 01.
322 2297 427 2333 lxxv.
461 2298 500 2334 4.
533 2308 597 2334 sex
626 2297 734 2334 annis
800 2302 898 2335 extr.
929 2296 993 2335 Ol.
1025 2297 1195 2334 lxxxviii.
1224 2300 1264 2334 2.
1292 2300 1381 2335 ante
1408 2296 1455 2335 C.

74 2352 162 2386 ante
180 2349 291 2386 -hanc
319 2349 499 2388 Hieronis
537 2352 732 2388 victoriam
800 2350 855 2388 N.
884 2353 977 2388 421.
1004 2362 1107 2388 anno
1136 2354 1223 2399 post
1249 2351 1456 2388 secundum

73 2401 203 2440 AEtnae
230 2405 444 2441 incendium
469 2403 628 2441 Siciliam
648 2417 732 2440 vas-
800 2406 1127 2453 quinquagesimo.
1167 2403 1341 2442 nocuere
1358 2405 1456 2442 mul.

73 2461 244 2503 taverat;
285 2458 387 2495 aliud
423 2458 616 2505 antiquius
654 2471 731 2495 me·
800 2460 842 2495 ti.
875 2457 924 2496 V.
947 2459 994 2495 ad
1014 2458 1127 2496 Diod.
1142 2463 1236 2494 tom.
1251 2459 1276 2494 i.
1298 2471 1337 2507 p.
1362 2461 1453 2497 161.

72 2517 258 2560 moratur,
291 2524 360 2548 nec
390 2516 515 2549 tamen
546 2513 658 2559 plura
687 2512 733 2548 de
800 2512 849 2548 cs.
881 2511 1028 2549 Gedik.
1060 2516 1097 2549 et
1132 2523 1257 2559 nuper
1294 2511 1454 2549 Werns-

72 2574 120 2599 eo
145 2569 344 2611 coustant3
374 2567 443 2602 etsi
468 2566 507 2601 in
538 2564 729 2613 Empedo-
797 2565 898 2602 dors.
927 2564 970 2602 P.
1000 2565 1060 2602 Μ.
1088 2570 1180 2602 tom.
1213 2566 1263 2602 iv.
1294 2578 1330 2614 p.
1360 2568 1450 2604 378.

74 2617 140 2653 elis
169 2624 340 2666 tempora
364 2619 459 2655 illud
475 2620 642 2656 'incidere
662 2620 727 2655 de-
796 2619 1019 2655 Aristoteles
1046 2625 1185 2664 tamen,
1214 2620 1245 2655 si
1276 2619 1389 2656 modo
1420 2620 1452 2657 is

73 2670 155 2705 buit
175 2672 378 2709 secundum
407 2677 561 2709 narrata
578 2673 624 2709 de
643 2673 727 2721 ejus
793 2678 928 2709 auctor
949 2678 1005 2709 est
1031 2670 1172 2709 Mirab.
1203 2672 1337 2709 Audit.
1364 2684 1450 2720 cap.

73 2727 224 2768 morte3
255 2727 406 2762 tertium
442 2731 499 2763 est
533 2726 641 2774 illud,
681 2727 727 2762 de
798 2729 884 2763 113.
904 2726 983 2774 jam
1004 2739 1099 2776 soepe
1126 2724 1253 2762 AEtnae
1282 2727 1452 2764 incendi-

73 2790 151 2825 quo
188 2776 427 2828 Thucydides
463 2781 637 2827 loquitur
673 2780 724 2817 iii.
794 2792 857 2817 um
877 2780 1035 2817 insulam
1052 2781 1261 2818 incursasse
1277 2780 1343 2817 ait.

731 2845 761 2871 Y
