1846 3121
638 107 908 164 Praefatio.
1403 117 1472 172 17

85 272 164 306 tam
186 263 359 305 concisis
380 273 433 314 et,
455 265 735 319 propositione
750 281 829 306 una
850 274 890 306 et
916 264 1041 306 altera
1061 263 1195 304 media
1215 265 1376 316 omissa,
1398 267 1469 306 ab·

80 336 210 390 ruptis
231 337 513 393 hiantibusque
532 339 886 389 enuntiationibus,
907 352 1074 394 quarum
1096 351 1243 377 nexum
1264 351 1345 377 non
1365 352 1471 378 asse-

72 409 229 465 quaris,
248 410 321 451 nisi
343 420 474 465 poetae
494 426 660 464 magnos
681 413 933 466 audacesque
964 410 1086 451 animi
1118 420 1253 451 motus
1274 409 1409 449 animo
1431 418 1471 449 et

80 482 167 537 ipse
188 484 405 535 revolvere,
426 484 548 524 divini
568 485 723 526 afflatus
743 494 932 540 tanquam
955 499 1091 524 auram
1112 483 1356 523 alludentem
1373 496 1472 522 con-

79 556 230 611 cipere,
262 559 468 613 lyricoque
500 558 656 612 impetu
687 560 817 600 calere
852 558 997 612 possis,
1022 555 1331 611 interpungendi
1364 555 1468 595 ratio

78 644 186 684 saepe
208 641 271 671 est
299 632 419 684 longe
449 632 698 672 difficillima.
760 632 986 685 Supersunt
1015 639 1056 671 et
1086 630 1186 670 mihi
1217 628 1348 669 adhuc
1382 642 1467 667 non

78 717 220 756 pauca,
243 703 282 743 in
304 704 450 758 quibus
471 706 521 745 ad
543 714 674 759 poetae
695 705 887 746 sublimes
909 719 1045 745 sensus
1067 718 1272 755 assurgere
1294 715 1468 757 nequeo,

78 784 123 816 ut
151 776 285 818 statim
312 777 481 832 Olymp.
507 778 549 818 ii.
576 779 646 824 96.
671 793 759 833 sqq.
821 777 1091 827 Schmidium‚
1119 775 1240 816 etiam
1274 774 1315 815 in
1346 774 1469 814 inter-

77 854 283 907 pungendi
315 855 483 905 ratione,
517 866 736 911 sequuntur
769 852 1039 902 oxonienses,
1070 849 1147 891 nisi
1188 850 1299 904 quod
1338 847 1468 888 multo

77 927 199 968 etiam
250 929 366 982 plura
413 929 486 970 hac
530 930 695 983 quidem
740 937 854 984 parte
899 928 950 967 ab
995 925 1042 966 iis
1088 926 1304 979 depravata
1348 931 1465 972 sunt3

76 1000 309 1043 Schmidius
340 1011 475 1044 autem
511 1004 616 1044 male
645 1004 897 1058 Stephanum
923 999 1111 1050 deseruit,
1132 999 1200 1054 qui
1226 998 1352 1039 multa
1380 1012 1467 1037 me-

75 1073 151 1115 lius
179 1075 425 1127 distinxerat,
447 1091 570 1130 pravo
592 1093 686 1118 vero
708 1076 930 1118 rhetorices
952 1074 1100 1124 studio,
1123 1088 1204 1128 quo
1225 1073 1372 1112 morbo
1397 1070 1467 1111 illa

75 1155 170 1186 aetas
191 1147 414 1198 laborabat,
431 1149 481 1188 ad
504 1148 787 1202 dispositiones
810 1148 1035 1189 carminum
1060 1147 1261 1201 delapsuS,
1284 1144 1361 1186 sibi
1386 1143 1464 1197 ipsi

76 1233 219 1259 nervos
242 1219 383 1259 incidit
405 1222 707 1276 compedesque
734 1221 894 1275 ingenio
919 1220 1071 1275 injecit,
1092 1234 1174 1273 quo
1204 1218 1335 1258 minus
1360 1217 1465 1257 libe-

76 1291 183 1332 riora
210 1302 340 1346 poetae
371 1293 536 1346 vestigia
559 1294 688 1348 sequi,
709 1294 840 1335 multa
864 1309 958 1334 vero
984 1292 1184 1334 levantem
1210 1306 1248 1332 se
1274 1305 1392 1342 aura,
1413 1305 1464 1330 ne

76 1379 124 1404 ex
146 1364 366 1419 longinquo
389 1365 567 1419 quidem,
584 1367 818 1419 prospicere
840 1375 991 1420 posset.

70 1453 76 1464 ⁵
132 1437 321 1477 Studium
343 1438 508 1478 omnino
528 1453 664 1479 meum
689 1439 780 1480 acui
808 1454 1021 1494 meamque
1047 1453 1213 1492 operam
1238 1437 1462 1478 increscere

73 1509 166 1560 vidi,
182 1525 263 1564 quo
281 1511 409 1563 magis
430 1511 606 1552 virorum
629 1513 844 1553 doctorum
867 1512 997 1553 studia
1018 1511 1262 1561 deficerent3
1293 1512 1403 1565 quod
1422 1510 1464 1549 in

74 1583 230 1636 Pythiis
262 1584 410 1635 statim,
433 1585 643 1641 multoque
664 1586 789 1640 magis
821 1587 860 1626 in
890 1586 1052 1641 reliquis
1076 1585 1391 1626 animadvertere
1414 1584 1462 1624 li-

71 1665 159 1698 cet:
189 1672 283 1698 cum
303 1657 342 1697 in
366 1658 570 1713 Olympiis
591 1659 772 1700 omnium
796 1675 921 1714 opera
936 1660 1068 1700 calere
1094 1659 1234 1699 soleat.
1278 1658 1382 1699 Sunt
1403 1665 1462 1698 ta-

71 1745 163 1771 men
198 1730 239 1771 in
270 1731 441 1772 Nemeis
466 1741 505 1773 et
532 1732 702 1786 pythiis,
725 1735 845 1775 etiam
871 1735 911 1775 in
946 1734 1123 1776 Isthmiis
1154 1732 1346 1784 carmina,
1371 1748 1461 1787 quae

70 1804 276 1859 Olympiis
297 1821 390 1846 meo
411 1806 575 1860 quidem
599 1823 716 1848 sensu
738 1817 945 1849 structurae
968 1807 1159 1849 felicitate
1181 1816 1221 1848 et
1245 1808 1461 1848 sententia-

68 1893 157 1919 rum
188 1878 379 1932 gravitate
411 1888 614 1933 praestant.
678 1881 853 1936 Reliqua
885 1898 976 1922 mea
1003 1897 1127 1936 opera
1154 1881 1194 1921 in
1226 1897 1275 1921 eo
1306 1889 1460 1920 versata

68 1962 142 2001 est,
173 1959 217 1992 ut
249 1951 472 1992 carminum
501 1955 636 2004 verba,
664 1965 855 2008 quantum
892 1955 1054 2010 quidem
1081 1954 1284 1994 literarum
1317 1952 1458 1993 formis

67 2024 155 2065 fieri
187 2032 338 2078 posset,
371 2025 608 2066 exhiberem
644 2027 994 2068 emendatissima:
1027 2042 1106 2081 qua
1138 2026 1304 2081 quidem
1337 2026 1378 2066 in
1415 2041 1457 2066 re

67 2094 244 2138 ‘studium
277 2113 393 2137 suum
419 2100 730 2140 commodarunt
746 2101 917 2155 juvenes
937 2102 1017 2141 duo
1040 2100 1191 2150 eximii,
1218 2099 1456 2154 Graecisque

66 2164 190 2212 literis
222 2172 413 2225 praeclare
445 2172 606 2223 imbuti,
641 2173 856 2214 Seminarii
892 2173 1129 2227 philologici
1173 2173 1373 2214 Sodalitio
1415 2173 1456 2213 in

67 2244 378 2285 familiaritatem
396 2261 528 2286 meam
551 2247 719 2301 recepti,
740 2248 840 2287 alter
863 2246 978 2287 Frid.
1005 2247 1159 2297 Pauer,
1181 2248 1231 2286 ad
1252 2247 1353 2287 lares
1372 2246 1457 2286 Po·-

65 2317 270 2359 sonienses
291 2333 396 2359 nunc
415 2334 608 2370 reversuS,
625 2320 724 2360 alter
743 2320 814 2361 Jo.
840 2318 962 2375 Belgj.
988 2319 1147 2375 Κορρε,
1168 2319 1455 2369 Dantiscanus‚

65 2399 156 2431 ante
187 2405 338 2441 paucos
371 2392 456 2433 dies
488 2393 590 2433 inter
613 2393 861 2448 Repetentes
887 2392 1107 2445 theologici
1134 2392 1284 2433 ordinis
1307 2392 1455 2433 adscri-

66 2464 219 2520 ptus*:
249 2466 363 2521 cujus
385 2465 588 2507 industriae
613 2476 652 2508 et
669 2466 842 2507 acumini
866 2457 1048 2520 inprimis
1069 2467 1254 2515 debetur,
1276 2466 1321 2515 si,
1344 2467 1456 2519 quod

71 2635 96 2645 ⁸·
117 2629 143 2654 *
169 2627 451 2667 Jucundissima
478 2632 603 2668 animo
629 2633 765 2670 insidet
782 2633 945 2669 duorum
966 2633 1100 2670 horum
1120 2632 1357 2669 familiarium
1376 2644 1454 2669 me-

65 2698 197 2746 moria,
218 2699 370 2737 alterius
390 2704 512 2737 tamen
531 2714 609 2738 non
636 2704 714 2739 sine
736 2704 842 2752 gravi
870 2705 989 2740 luctu.
1049 2703 1148 2740 Nam
1171 2704 1277 2752 prior
1303 2703 1454 2750 quidem

797 2773 823 2811 d
