1846 3121
846 384 1248 442 OATMHIA.

943 597 1068 657 Εἶδος
1106 596 1135 646 ι’.

503 800 1122 877 ΑΓΗΣΙΔΑΜΩ
1185 795 1544 869 ΛΟΚΡΩ

737 942 1360 1027 ΕΠΙΖΕΦΥΡΙΩ,

967 1165 1140 1197 ΠΥΚΤῌ.

687 1353 1348 1376 -——-———*——·———-n

824 1505 1112 1545 ARGUMEN
1115 1506 1253 1545 TUM.

335 1611 446 1670 EX
467 1627 667 1682 promisso
689 1628 797 1683 quod
819 1628 970 1668 dudum
998 1625 1181 1667 debitum
1204 1633 1301 1676 erat,
1324 1624 1366 1665 id
1384 1638 1489 1664 nunc
1509 1638 1551 1664 se
1571 1621 1729 1677 persol-

336 1700 428 1728 vere
449 1686 504 1726 ait
532 1695 654 1739 poeta
682 1695 722 1725 et
741 1684 882 1725 victori
904 1693 944 1724 et
965 1683 1053 1724 urbi
1080 1683 1437 1727 Locrorum—19.
1468 1690 1509 1721 et
1528 1680 1604 1734 ipsi
1625 1680 1727 1734 alip-

336 1752 387 1784 tae
428 1741 512 1792 Ilae,
534 1758 556 1782 a
577 1756 658 1795 quo
679 1741 938 1781 confirmatus
960 1749 1045 1781 erat
1065 1739 1334 1792 Agesidamus
1353 1738 1482 1778 victor
1503 1737 1605 1778 inter
1626 1752 1727 1791 pue-

338 1816 418 1849 ros,
449 1814 498 1839 ue
533 1800 944 1842 succumberet—⁶27.
1004 1796 1170 1837 Transit
1204 1805 1323 1850 poeta
1356 1795 1477 1848 paulo
1517 1793 1727 1847 abruptius

338 1859 389 1898 ad
418 1856 533 1896 ludos
563 1857 613 1895 ab
644 1854 828 1894 Hercule
859 1853 1063 1907 Olympiae
1091 1853 1306 1902 institutos,
1327 1851 1442 1891 victis
1465 1849 1726 1900 Molionidis,

340 1929 436 1954 mox
458 1920 498 1952 et
520 1912 666 1964 Augea
687 1911 818 1951 Elidis
843 1926 950 1964 rege.
1014 1909 1300 1950 hlemorantur
1327 1908 1500 1948 victores
1527 1905 1566 1946 in
1587 1906 1647 1947 his
1668 1907 1730 1947 lu-

338 1970 527 2015 dis—93.
586 1969 656 2008 Ad
675 1969 819 2008 horum
841 1967 1027 2008 ludorum
1050 1967 1296 2020 exemplum,
1317 1965 1544 2005 celebratur
1563 1962 1730 2016 Jupiter

340 2029 380 2070 in
408 2025 653 2067 carminibus
687 2024 727 2064 in
759 2025 956 2065 victorum
988 2024 1184 2064 honorem
1219 2021 1307 2062 cani
1338 2020 1489 2070 solitis;
1531 2019 1653 2059 etiam
1688 2019 1730 2060 in

339 2081 523 2141 praesenti
544 2081 736 2132 carmine,
752 2082 862 2136 quod
876 2080 1036 2121 victoris
1058 2089 1098 2121 et
1121 2079 1349 2120 Locrorum
1369 2078 1531 2118 laudem
1552 2076 1732 2117 celebrat

338 2143 447 2183 ——ad
467 2142 497 2181 f.

899 2201 936 2232 Σ.
953 2196 998 2232 α’.
1057 2201 1098 2231 K·
1118 2194 1158 2233 'n'-

485 2257 641 2317 TON
678 2268 1019 2337 Ολυμπιονῖκαν
1045 2263 1265 2331 οἷνοῖγνωτέ
1289 2287 1363 2335 μοι

483 2338 764 2410 Ἀρχες-ροῖτὸ
792 2340 966 2398 παῖδας,
993 2337 1119 2389 πόθι
1147 2338 1291 2406 φρενός

392 2491 606 2543 Ἀγησιδαῖμῳ
626 2501 666 2532 Α.
687 2497 735 2530 Ἐ.
752 2494 897 2530 addunt
923 2493 1014 2531 Ald.
1036 2496 1075 2529 et
1096 2491 1209 2530 Bodl.
1230 2492 1276 2536 β’.
1295 2490 1338 2537 γ’.
1358 2486 1586 2538 Ἀρχες-ςάτου
1615 2486 1729 2526 wa&-

342 2540 478 2580 Victor
496 2548 668 2595 pugilatu
689 2546 753 2584 Ol.
774 2548 839 2584 74.

396 2657 488 2695 Fuit
506 2663 750 2709 Agesidamus
777 2663 899 2700 victor
926 2675 997 2710 pu·
1064 2663 1187 2698 victor
1199 2659 1453 2709 Agesiclamus
1464 2674 1482 2707 ,·
1500 2661 1725 2709 inscriptum

339 2710 457 2758 gilatu
479 2716 503 2749 ἐν
521 2718 650 2757 παισὶν,
683 2722 725 2752 ut
754 2723 904 2753 constat
931 2720 996 2752 21.
1066 2717 1187 2751 animi
1211 2713 1351 2750 tabulis
1376 2718 1433 2749 est
1462 2715 1544 2761 ejus
1571 2724 1723 2749 nomen.

340 2773 417 2810 seq.
461 2768 575 2802 1—8.
606 2767 696 2805 Non
714 2773 841 2807 animo
861 2770 999 2807 excidit
1069 2766 1106 2803 V
1101 2780 1158 2816 os,
1175 2765 1295 2804 Musa
1319 2763 1545 2814 ereritas,
1564 2767 1728 2802 avertite
