1846 3121
592 118 861 174 Praefatio.
1370 118 1419 170 ,5

25 276 215 318 >imbutos
235 289 321 316 esse
342 274 504 317 credere
526 291 599 331 par
618 275 694 328 sit;
724 291 847 331 porro
879 288 973 315 cum
1005 270 1418 327 relinquenda'es'sent

38 348 114 390 alia
133 348 195 400 iis,
210 349 278 405 qui
300 349 492 390 lectiones
512 358 580 391 aut
604 350 855 391 recitationes
882 349 921 390 in
945 348 1165 390 Pindarum
1187 346 1418 396 instituunt;

39 423 284 479 adjectisque
321 440 426 465 nunc
461 424 634 466 Scholiis
666 425 792 465 multa
823 440 871 465 ex
903 422 964 463 his
995 422 1079 477 peti
1112 420 1290 475 possint,
1322 419 1419 459 mihi

38 506 184 539 autem·
200 497 401 538 brevitatis
429 497 604 539 studium
625 497 737 538 cordi
758 506 861 538 esset
879 514 888 539 :
920 497 1124 537 continere
1146 510 1211 535 me
1231 492 1422 534 constitui

39 570 343 625 interpretandis
374 579 414 611 et
445 571 686 616 illustrandis
715 571 776 622 iis,
798 587 887 626 quae
907 579 975 610 aut
995 569 1126 610 minus
1146 576 1252 609 recte
1272 566 1420 621 passim

40 659 126 685 esse
164 655 330 699 accepta
362 645 552 695 videram,
591 655 635 686 ut
675 654 807 686 tamen
848 644 1049 684 neminem
1090 642 1314 683 refellerem
1347 655 1421 681 nec

40 718 210 760 aliorum
239 718 345 760 dicta
371 735 645 772 congererem,
673 728 740 760 aut
771 734 859 774 quae
895 718 982 773 ipse
1015 716 1241 758 difficiliora
1272 730 1359 756 esse
1384 723 1424 755 et

42 793 276 834 obscuriora
296 808 510 835 senseram.
570 793 617 833 In
649 793 709 834 his
738 793 900 848 quidem
924 801 1130 847 postremo
1152 792 1246 831 loco
1268 804 1424 830 memo-

42 866 136 907 ratis
151 866 277 908 visum
299 876 359 908 est
378 867 523 908 versari
545 867 615 918 sic,
641 877 697 919 ut,
720 867 877 922 quoties
897 866 1074 907 viderem
1091 878 1252 904 manere
1268 872 1426 904 senten-

42 940 139 981 tiam
160 941 405 994 ambiguam,
436 956 508 982 nec
541 955 626 982 rem
662 942 711 982 ad
740 939 934 994 liquidum
960 939 1126 993 perduci
1149 953 1282 993 posse,
1296 936 1424 977 varios

44 1015 188 1055 modos
203 1030 462 1069 exponerem,
479 1015 624 1068 quibus
645 1014 880 1055 sententiam
898 1014 982 1053 erui
999 1028 1044 1053 ac
1061 1011 1249 1053 constitui
1269 1018 1426 1065 posset;

44 1087 123 1129 hoc
154 1088 262 1128 enim
295 1090 419 1129 modo
453 1089 557 1129 effici
587 1104 720 1143 posse,
750 1097 792 1128 ut
816 1096 883 1128 aut
904 1087 989 1142 ipse
1012 1087 1209 1127 veriorem
1231 1085 1427 1125 rationem

46 1162 262 1202 invenirem
295 1171 363 1202 aut
395 1163 444 1202 ad
476 1177 564 1202 eam
595 1164 809 1202 eruendam
848 1170 887 1201 et
920 1160 1195 1200 inveniendam
1217 1158 1303 1199 aliis
1325 1158 1428 1198 viam

48 1234 260 1288 aperirem.
322 1235 436 1275 Solet
463 1234 569 1275 enim
600 1236 764 1275 omnino
793 1234 833 1274 in
867 1232 1175 1273 hermeneuticis
1207 1241 1247 1273 et
1280 1231 1428 1272 criticis

50 1323 123 1347 usu
158 1307 288 1348 venire
320 1307 426 1347 idem
462 1309 570 1359 quod
602 1308 768 1347 medicis
800 1307 840 1347 in
870 1307 1023 1347 morbis
1050 1305 1271 1355 medendis,
1292 1305 1362 1346 ubi
1383 1305 1429 1354 is,

48 1379 116 1434 qui
136 1379 280 1420 ultimo
300 1380 393 1420 loco
416 1389 592 1429 vocatur,
613 1380 813 1430 remediis,
838 1394 927 1434 quae
957 1380 1045 1434 jam
1078 1381 1129 1419 ab
1164 1378 1250 1418 aliis
1281 1387 1430 1419 tentat-a

49 1454 218 1502 fuerant,
240 1452 315 1493 sibi
344 1452 522 1504 narratis,
554 1453 724 1503 facilius,
752 1453 951 1494 interdum
974 1468 1083 1503 casu,
1102 1451 1278 1492 incidere
1298 1460 1433 1506 potest

48 1522 89 1567 in
108 1541 255 1567 novum
270 1526 434 1582 aliquod
451 1527 688 1578 remedium,
710 1529 818 1582 quod
839 1527 982 1568 ceteris
1001 1525 1199 1570 salubrius
1214 1526 1278 1566 sit.
1327 1525 1432 1571 Quae

51 1598 83 1640 si
104 1601 421 1650 recordaremur,
435 1600 655 1642 modestius
671 1602 775 1642 forte
792 1602 1028 1643 sentiremus
1044 1602 1093 1642 de
1110 1599 1278 1641 inventis
1291 1615 1433 1655 quam·

49 1675 108 1714 vis
145 1673 353 1715 felicibus:
396 1674 471 1715 nisi
501 1675 607 1715 enim
647 1675 713 1717 alii
746 1685 836 1717 ante
869 1691 942 1717 nos
972 1674 1262 1730 impedimenta
1299 1689 1434 1715 remo-

49 1747 210 1799 vissent,
230 1749 293 1789 via
313 1748 430 1789 nobis
455 1748 580 1790 libera
612 1758 652 1790 et
683 1750 872 1804 expedita
905 1750 1011 1790 haud
1041 1759 1172 1800 esset3
1202 1747 1257 1789 ita
1279 1757 1432 1803 partem

49 1822 230 1877 gloriolae
265 1831 410 1864 nostrae
450 1823 555 1864 haud
594 1823 778 1876 exiguam
815 1824 854 1864 in
893 1826 1012 1865 rebus
1045 1838 1113 1864 seu
1148 1821 1334 1877 gravibus
1365 1838 1434 1863 seu

51 1896 222 1937 exilibus
242 1898 436 1937 debemus
457 1896 642 1948 aliorum,
677 1897 745 1953 qui
780 1907 870 1938 ante
902 1913 974 1938 nos
1006 1898 1147 1937 eadem
1176 1903 1436 1946 tentaverant,

52 1970 268 2011 erroribus.
337 1970 519 2011 Omnino
560 1980 620 2012 est
661 1973 880 2012 admodum
921 1971 1074 2011 diversa
1114 1969 1294 2010 conditio
1335 1968 1436 2025 ejus,

53 2044 124 2099 qui
143 2044 513 2098 interpretationem
548 2060 642 2086 cum
674 2046 813 2087 critica
845 2044 1067 2100 conjungit,
1101 2052 1142 2085 et
1172 2042 1334 2099 quidem
1364 2058 1437 2097 per

52 2127 184 2161 totum
219 2118 380 2168 librum,
412 2126 452 2158 et
487 2118 575 2173 ejus
605 2118 673 2173 qui
705 2120 886 2161 criticam
908 2120 1035 2160 solam
1057 2126 1213 2169 tractat,
1240 2127 1281 2159 et
1304 2117 1439 2159 desul-

54 2195 171 2246 torie,
202 2195 417 2235 delibando
452 2209 540 2249 quae
572 2195 755 2245 voluerit,
789 2203 829 2235 et
860 2194 1111 2235 subsistendo
1133 2193 1173 2233 in
1194 2192 1240 2233 iis
1260 2191 1375 2242 locis,
1397 2191 1439 2232 in

55 2269 201 2326 quibus
231 2268 382 2323 aliquid
412 2268 534 2308 habet
568 2270 677 2322 quod
712 2269 876 2319 afferat,
918 2283 1011 2309 cum
1047 2267 1175 2317 alteri,
1209 2266 1241 2307 si
1273 2267 1438 2321 quidem

56 2343 243 2397 religiose
274 2341 453 2383 officium
487 2342 584 2382 boni
618 2342 844 2397 interpretis
877 2342 979 2383 tueri
1011 2341 1194 2393 voluerit,
1224 2339 1439 2382 necessitas

57 2417 247 2473 imposita
278 2416 341 2467 sit,
373 2432 429 2457 ne·
457 2416 554 2471 quid
586 2416 758 2466 omittat,
790 2417 900 2471 quod
930 2415 1016 2456 aliis
1044 2414 1283 2470 impeditum
1304 2421 1345 2454 et
1365 2414 1441 2453 ob-

59 2506 219 2533 scurum
240 2506 326 2531 esse
346 2490 486 2545 possit.
547 2490 744 2544 Magnam
766 2505 926 2546 quoque
946 2490 986 2530 in
1006 2489 1068 2530 his
1095 2489 1174 2529 vim
1206 2487 1328 2527 habet
1354 2486 1442 2541 ipsa

60 2574 167 2616 aetas,
188 2574 228 2606 et
247 2565 334 2605 fieri
355 2573 504 2619 potest,
524 2573 568 2605 ut
586 2572 769 2605 senectus
790 2563 928 2604 timide
949 2563 1117 2603 nimium
1145 2571 1185 2603 et
1213 2570 1329 2602 caute
1352 2575 1442 2601 mo-

61 2638 191 2679 lestias
210 2638 286 2679 sibi
307 2637 472 2693 aliisque
493 2648 616 2687 creet,
638 2653 730 2678 cum
755 2638 944 2693 juventus
976 2637 1109 2678 calore
1144 2637 1324 2690 abrepta,
1353 2648 1443 2689 quae

64 2711 194 2765 primo
210 2713 420 2754 oculorum
440 2711 641 2768 conjectui
663 2727 704 2753 se
721 2712 966 2762 obtulerunt,
982 2725 1055 2765 pro
1070 2709 1187 2751 certis
1201 2712 1244 2751 eb
1257 2708 1442 2763 explora-
