1846 3121
588 146 821 201 Carmen
873 150 981 202 IX.
1380 159 1483 213 107

245 283 427 347 Φῦτλας
452 288 592 356 κοῦροι
620 288 751 354 κοροῖν
775 308 819 336 τε
845 291 945 356 φερ-

317 357 456 411 τοῖτων
481 358 699 427 Κρονιδοῖν,
727 358 802 424 ἔγ-

317 429 471 500 χῶριοι
498 433 724 490 βασιλῆες
749 430 844 480 αἰεί.

632 579 669 610 Σ.
688 574 733 620 γ’.
792 579 832 610 Κ.
849 576 908 615 ις’,

238 645 343 712 Πρὶν
368 644 625 713 Ὀλύμπιος
648 642 847 713 οὲγεμῶν,
1430 665 1486 704 85

235 714 330 767 Τεῖν
354 717 496 767 παῖδ’
521 716 612 767 οἷπό
637 717 729 782 ’γὸἷς
754 720 898 766 Ἐπί-ι-

309 790 368 839 ὦν
393 790 633 847 Ὀποῦντος
658 785 941 857 οἷναξποὲσας,
967 785 1130 847 ἕκαλος

91 942 155 979 82.
186 937 461 979 Turbatissima
487 940 569 978 haec
595 944 686 978 sunt
703 944 742 979 et
760 940 882 978 verbis
900 944 938 978 et
956 953 1080 988 sensu,
1101 953 1122 977 e
1139 941 1293 988 vulgata
1319 942 1483 981 lectione

89 995 153 1031 vix
172 994 419 1039 intemerata3
449 996 646 1041 multoque
664 994 780 1042 magis
798 1007 817 1030 e
835 995 1008 1031 scholiis.
1064 992 1313 1031 Grammatici
1337 995 1478 1033 Proto-

90 1047 253 1095 geniam,
279 1047 521 1084 Deucalionis
548 1050 587 1083 et
614 1045 771 1095 Pyrrhae
801 1046 928 1093 filiam,
947 1046 1101 1084 eandem
1132 1059 1209 1083 esse
1227 1048 1376 1095 volunt,
1397 1059 1479 1095 quae

91 1098 220 1135 Locro
239 1103 361 1146 nupta
379 1098 494 1135 suerit
518 1102 556 1135 et
582 1110 604 1135 a
621 1097 722 1136 Jove
747 1110 987 1146 compressa:
1020 1099 1072 1135 sic
1096 1101 1205 1135 etiam
1224 1101 1327 1147 apud
1346 1101 1474 1138 Schol.

90 1151 306 1199 Apollonii,
327 1152 394 1187 lib.
414 1152 462 1187 iv.
484 1155 580 1187 extr.
600 1151 752 1198 legitur.
794 1149 852 1187 Ex
872 1151 1027 1188 Pindari
1045 1156 1170 1189 mente
1190 1151 1351 1200 Locrus,
1373 1153 1478 1190 Deu-

91 1204 245 1240 calionis
263 1208 301 1241 et
319 1203 476 1252 Pyrrhae
495 1203 605 1251 filius,
626 1202 826 1240 Locridem
846 1206 1012 1252 tenebat,
1034 1216 1112 1251 quo
1130 1209 1303 1251 parentes
1323 1218 1477 1243 conces.

91 1261 232 1304 serant,
252 1269 290 1292 v.
312 1259 375 1292 68.
411 1257 476 1292 Ad
495 1257 596 1292 hunc
612 1254 768 1303 Jupiter
794 1257 829 1291 in
856 1257 1136 1293 matrimonium
1165 1258 1321 1294 adduxit
1340 1257 1479 1306 Opun-

92 1309 136 1346 tis
156 1320 202 1344 ex
227 1307 335 1345 Elide
363 1309 489 1356 filiam,
509 1309 699 1356 gravidam
726 1308 765 1343 in
790 1307 949 1345 Maenali
974 1321 1120 1346 recessu
1148 1322 1193 1345 ex
1221 1312 1295 1346 deo
1321 1310 1476 1360 factam,

89 1360 189 1398 unde
208 1365 437 1408 prognatum
458 1373 616 1408 puerum
635 1359 782 1396 Locrus
802 1373 872 1407 pro
890 1374 960 1397 suo
979 1361 1055 1398 filio
1073 1364 1251 1409 suscepit,
1273 1368 1312 1399 et
1336 1365 1384 1399 ab
1404 1376 1477 1402 avo

89 1417 260 1451 materno
279 1411 473 1461 Opuntem
492 1412 710 1460 appellavit.
752 1411 810 1448 De
830 1412 1061 1461 Protogenia
1078 1413 1260 1451 Pindarus
1288 1417 1379 1452 nihil
1397 1430 1475 1454 me-

88 1469 225 1514 morat,
247 1466 317 1502 nisi
335 1467 437 1513 quod
455 1479 491 1502 v.
514 1468 576 1502 63.
597 1464 787 1513 Opuntem
805 1467 1039 1513 Πςωταγενεῖας
1056 1466 1122 1506 dra
1143 1467 1250 1503 dixit.
1310 1468 1374 1504 Ab
1395 1471 1475 1505 aliis

86 1519 151 1556 illa
170 1522 461 1555 commemorata
478 1523 547 1565 est,
571 1522 748 1563 tanquam
766 1516 918 1553 AEthlio
942 1521 1078 1564 nupta,
1100 1529 1124 1553 e
1155 1531 1229 1565 qua
1257 1518 1475 1568 Endymion

85 1574 296 1618 susceptus,
329 1573 392 1619 qui
416 1570 559 1608 Elidem
587 1571 724 1618 tenuit,
753 1573 791 1605 et
819 1567 927 1617 Epeo
957 1581 1112 1617 regnum
1145 1573 1308 1618 reliquit,
1340 1585 1363 1608 a
1395 1586 1474 1619 quo

85 1621 181 1672 Epei
200 1625 314 1661 dicti:
336 1637 371 1660 v.
393 1623 554 1661 Pausan.
574 1637 609 1660 v.
637 1627 671 1659 l.
727 1622 785 1658 At
802 1623 839 1658 in
862 1622 1024 1659 Pindaro
1044 1624 1206 1660 obscura
1232 1630 1270 1660 et
1295 1625 1474 1671 impedita

84 1681 144 1713 est
160 1677 301 1724 oratio,
321 1678 424 1724 quod
441 1677 603 1726 majores
623 1674 868 1712 Locrensium
887 1688 910 1713 a
929 1675 1162 1713 Deucalione
1182 1682 1220 1713 et
1238 1677 1388 1726 Pyrrha
1408 1691 1471 1714 or-

84 1729 115 1766 ti
133 1729 276 1778 origine
294 1731 420 1778 stirpis
438 1729 630 1778 Iapeticae,
653 1728 838 1775 iidemque
851 1741 872 1764 e
888 1729 1032 1764 filiabus
1053 1730 1159 1776 (nam
1179 1731 1270 1777 κὸςκι
1289 1742 1366 1766 non
1394 1744 1473 1769 esse

83 1785 404 1830 possunt'amicoe‚
424 1784 487 1819 sed
515 1786 603 1819 sunt
617 1781 719 1830 filioe
737 1794 749 1817 .·
778 1784 820 1816 ut
849 1780 972 1817 Musae
993 1781 1084 1828 κόςοιι
1104 1782 1201 1827 Διὸς)
1222 1782 1429 1828 primorum
1450 1795 1473 1821 e

84 1833 261 1872 Cronidis
281 1838 355 1873 orti
369 1837 561 1872 dicuntur.
605 1834 732 1872 Variis
751 1835 870 1870 modis
889 1833 1033 1870 versavi
1052 1836 1090 1868 et
1106 1835 1249 1870 tentavi
1267 1847 1409 1882 versus„
1427 1841 1472 1873 ut

82 1888 131 1924 ad
148 1888 294 1925 fabulas
312 1889 483 1937 vulgares
502 1889 722 1925 sententiam
740 1887 1023 1924 accomodarem
1041 1897 1052 1921 ε
1084 1898 1120 1921 v.
1142 1890 1224 1921 not.
1282 1885 1469 1925 Emenda-

82 1939 170 1977 bam
188 1952 343 1988 quoque
359 1939 506 1989 φεςτοίτω
525 1939 684 1989 Κξονιδοῖν,
705 1950 778 1987 pro
795 1938 966 1988 φεςταῖτου,
986 1938 1051 1984 qui
1066 1935 1227 1986 Jupiter
1245 1943 1299 1975 est
1315 1952 1325 1984 3
1356 1947 1393 1976 et
1412 1943 1468 1977 κό-

81 2007 140 2040 ςοις
154 2008 199 2029 τε.
238 1993 294 2029 At
310 1994 509 2041 ignoratur
525 2004 604 2028 non
623 1994 745 2028 minus
763 1990 960 2040 ejusfilz'a‚
979 1991 1213 2038 quamfilz'ae,
1233 2003 1315 2038 quae
1336 1992 1396 2028 hic
1410 1994 1469 2029 lo-

82 2054 169 2079 cum
198 2044 335 2082 habere
363 2046 495 2092 possit.
549 2044 649 2081 Tum
673 2049 785 2092 urget
811 2044 904 2080 illud
931 2046 1017 2092 «πρὶν,
1048 2043 1151 2089 quod
1179 2056 1306 2081 omnes
1335 2046 1468 2082 modos

84 2097 307 2133 emendandi
326 2103 365 2134 et
381 2098 654 2145 interpretandi
667 2099 810 2134 turbat.
849 2096 886 2133 Si
904 2097 1094 2143 scripseris
1109 2095 1208 2144 κοῧςοι
1225 2097 1316 2146 κόςκι
1334 2114 1368 2134 τε
1390 2105 1466 2146 φες-

80 2146 173 2184 τοίτω
206 2148 362 2198 Κρονιδᾶν.
421 2152 436 2186 ὁ
465 2148 493 2186 δ’
520 2150 882 2197 Ὀλύμπιος-οῐῃῃία
915 2150 1063 2186 sublata
1091 2148 1238 2185 videas:
1281 2153 1320 2185 at
1353 2162 1468 2197 quam

80 2201 202 2237 multa
217 2202 385 2240 mutata!
435 2201 498 2238 Ita
526 2202 617 2238 redii
642 2202 689 2238 acl
708 2214 765 2249 ea,
785 2213 868 2249 quae
896 2203 933 2238 in
953 2205 1053 2238 notae
1074 2205 1241 2237 extrema
1269 2207 1377 2250 parte
1395 2215 1468 2250 po-.

80 2252 154 2290 sita.
169 2260 272 2292 sunt.
383 2258 447 2293 82.
475 2257 565 2303 κορῶν
582 2253 696 2291 Bodl.
716 2253 813 2291 Cod.
835 2259 872 2292 et
890 2256 933 2291 α’.
992 2253 1038 2290 In
1060 2253 1202 2290 Aldina
1221 2255 1273 2290 sic
1300 2255 1465 2303 legitur:

78 2305 109 2340 ὓ.
141 2308 290 2355 πρόγονοι
317 2306 478 2357 ἀρχᾶθεν,
508 2308 548 2344 ²1.
582 2308 722 2352 φύτλας,
756 2307 852 2355 κοῦροι
883 2307 992 2355 κουςοῖν
1021 2307 1079 2342 καὶ
1111 2304 1275 2354 φερτάτων
1305 2304 1467 2356 Κρονιδᾶν.

79 2358 146 2395 86·
175 2356 330 2410 θυγατέρ’
346 2361 415 2397 ἀπὸ
434 2359 526 2396 Ald·
580 2359 639 2405 ’γῆς
666 2358 750 2396 MS.
782 2358 894 2396 Bodl.
923 2363 963 2396 et
980 2358 1024 2395 α’.
1147 2360 1213 2394 87.
1241 2358 1405 2401 Ὀπόεντος
1428 2363 1470 2396 et

80 2474 200 2524 stirpe
227 2479 432 2527 prognati,
462 2481 502 2514 et
532 2488 557 2514 α
575 2477 742 2526 filiabus
807 2481 933 2514 autem
977 2473 1142 2511 Locrum
1184 2476 1222 2511 et
1269 2471 1465 2522 Opuntem

78 2524 206 2578 Jovis,
235 2531 385 2578 (potest
409 2543 487 2567 esse
511 2531 653 2567 dietum
682 2532 739 2567 in·
806 2532 852 2566 ad
875 2530 993 2565 multo
1024 2528 1195 2573 seriores,
1217 2538 1329 2573 quam
1348 2528 1463 2576 vulgo

81 2578 232 2619 definite
249 2594 323 2630 pro
341 2595 432 2630 una,
452 2585 482 2620 si
507 2596 585 2620 non
604 2585 739 2620 admit-
807 2583 862 2629 fit,
883 2593 1002 2618 annos
1021 2581 1179 2616 detrusit
1196 2593 1206 2624 3
1223 2591 1308 2616 narn
1325 2578 1463 2627 Opun-

80 2634 138 2668 tas
174 2635 269 2682 κόςας
305 2637 376 2684 m)
404 2638 595 2684 indigente
629 2649 740 2684 reges
807 2640 879 2672 tem
915 2635 1007 2670 facit
1041 2634 1223 2680 aequalem
1259 2631 1461 2683 Memmio,

79 2681 191 2730 hujus
200 2689 368 2735 regionis
377 2694 466 2726 ante
475 2687 658 2736 Locrum,
666 2701 739 2738 pa-
806 2687 973 2725 Patrocli
992 2687 1092 2735 patri
1109 2698 1119 2722 z
1156 2687 1243 2723 104.
1265 2697 1321 2733 sq.

78 2739 179 2774 trem
189 2737 351 2789 Opunta}
367 2743 601 2793 adoptivmn.
621 2742 738 2779 Hunc
759 2796 783 2830 2

721 2808 741 2831 p
