1846 3121
372 168 476 223 198
952 166 1167 236 Pythia.

500 302 626 355 Zw'em
652 306 717 356 τόν
741 308 1052 377 ἀποιχόμενον,

498 379 716 445 Ουρανῖδοι
745 379 863 444 Ιγόνον
889 404 951 429 ευ-

552 449 797 538 ρυμέδοντα
825 452 994 518 Κρονου,

497 518 730 572 Βασσαισῖ
751 547 772 572 τ
809 547 959 590 αρχειν
986 525 1159 574 Παλίου

495 594 597 662 Φῆρ’
624 595 776 662 οἷγροτε
781 619 860 663 ρον,

495 666 610 715 Νόον
635 666 774 730 ἔχοντ’
799 669 955 736 οἷνδρῶν
981 670 1127 735 φίλον·
1169 666 1224 716 oT-
1710 728 1716 732 ἢ

566 762 611 796 ος
636 738 710 788 {aiv
735 737 896 807 θρέψεν
921 741 1038 791 ποτὲ
1686 762 1737 798 10

491 807 666 859 Tgmov'
692 812 918 870 οἷνωδυνῖας

485 878 674 950 ἸΑμερον
702 884 931 951 ’γυιαρκέος
955 886 1254 942 Ἀσ-κλαπιὸν,

482 952 656 1021 ἸΗρωοῆ
685 958 980 1007 παντοδαπᾶν
1005 959 1211 1025 α’λκτῆξοε
1239 955 1408 1008 νούσων.

873 1104 919 1134 A.
939 1100 985 1134 α’.
1043 1106 1084 1135 Κ.
1102 1101 1147 1145 γ’.

535 1169 546 1185 x
637 1169 647 1187 x
717 1166 751 1186 ’.1.
1035 1168 1047 1188 Ι
1227 1166 1241 1186 Ι

485 1177 567 1217 Tou
591 1191 667 1238 μεν
688 1191 870 1218 even-ww
893 1176 1076 1235 Φλεγυοι
1104 1168 1315 1238 θυγατηξ

341 1325 377 1358 5.
410 1321 619 1372 εὖξυμέἓοντος
638 1323 675 1359 in
700 1323 827 1360 Schol.
849 1325 1032 1372 occurrit,
1048 1325 1151 1372 quod
1170 1327 1329 1360 metrum
1348 1336 1425 1360 non
1448 1324 1537 1361 fert.
1609 1326 1645 1360 9.
1674 1328 1728 1361 viv>

339 1375 502 1411 Schmid.
524 1375 703 1421 refinxit3
734 1378 861 1422 sicque
889 1376 998 1413 MSS.
1030 1377 1177 1413 Bodlei.
1234 1377 1305 1413 Sed
1337 1382 1375 1412 et
1404 1377 1462 1412 νόον
1496 1379 1609 1413 recte.
1667 1375 1720 1413 V.

335 1426 469 1463 Pauw.
527 1427 881 1475 Interpunctionem
911 1428 1146 1465 Oxonienses
1177 1429 1381 1465 secundum
1411 1430 1469 1464 ed.
1497 1428 1610 1465 Rom.
1632 1434 1724 1476 post

335 1480 417 1528 φῆςζ
433 1481 656 1516 collocatam
675 1483 822 1516 volunt.
862 1481 1052 1517 Chiron
1030 1499 1086 1529 ,amp
1104 1481 1222 1528 αγςότ.
1226 1497 1285 1528 ξος,
1303 1494 1405 1517 mon
1396 1485 1513 1517 trum
1531 1481 1718 1524 silvestre,

334 1531 373 1566 h.
408 1528 637 1569 Centaurus.
753 1535 814 1568 10.
845 1531 963 1581 θρέψεν
990 1533 1073 1569 »ποτὲ
1105 1545 1151 1568 ex
1183 1532 1273 1568 Ald.
1311 1538 1349 1570 et
1385 1534 1489 1582 Aug.
1524 1536 1718 1570 revocavit

332 1582 495 1620 Schmid.
554 1585 592 1619 A
624 1584 801 1621 Romana
830 1585 942 1620 inde:
975 1583 1095 1632 ἒθξεῴε
1119 1601 1214 1621 ποτε.
1330 1590 1391 1622 ll.
1421 1587 1520 1622 τέκνον
1550 1585 1718 1628 οἰνωδυνίοις

334 1648 463 1672 omnes
483 1637 567 1672 edd.
589 1642 626 1673 et
646 1639 792 1685 scripti,
808 1638 912 1683 quod
929 1637 1139 1673 emendavit
1157 1637 1363 1675 Schmidius
1383 1638 1498 1674 τέκτον’
1517 1650 1563 1674 ex
1587 1637 1714 1675 Schol.

332 1690 397 1735 qui
415 1689 526 1734 ὑγείας
543 1691 795 1729 navae-nevar&
811 1691 1101 1737 interpretatur,
1119 1694 1157 1726 et
1174 1702 1220 1725 ex
1235 1689 1316 1727 Pal.
1339 1691 1385 1728 C.
1405 1690 1469 1726 ubi
1487 1690 1581 1726 illud
1600 1703 1717 1738 supra

331 1742 563 1786 adscriptum
582 1747 676 1776 erat.
734 1741 774 1778 N
776 1755 817 1778 ec
845 1744 1014 1789 equidem
1032 1743 1166 1779 dubito
1191 1744 1245 1778 ita
1270 1750 1372 1780 recte
1392 1755 1415 1779 a
1432 1742 1618 1780 Schmidio
1636 1756 1715 1780 esse

330 1795 528 1841 scriptum.
558 1793 738 1829 Defendit
757 1800 881 1831 tamen
899 1798 1090 1843 vulgarem
1109 1796 1336 1842 scripturam
1354 1796 1487 1833 PauW.
1504 1801 1547 1831 ut
1564 1796 1662 1832 τέκνον
1676 1797 1712 1831 α’.

330 1847 410 1894 ipse
440 1846 487 1881 sit
517 1845 675 1882 Chiron.
734 1846 918 1893 Equidem
950 1860 1029 1884 non
1061 1860 1255 1894 assequor,
1287 1862 1332 1885 ex
1364 1849 1498 1886 veteris
1532 1849 1713 1884 sermonis

328 1899 441 1947 genio
471 1899 664 1946 quomodo
695 1898 856 1946 Chiron,
886 1906 1064 1948 tanquam
1095 1903 1274 1946 medicus,
1291 1903 1407 1949 filius
1432 1903 1538 1937 bonoe
1562 1899 1710 1936 valeta-

329 1953 428 1988 dinis
447 1957 485 1988 et
502 1952 638 1988 salutis
657 1952 729 1988 diei
750 1955 895 2000 possit:
924 1955 976 1990 ita
1006 1955 1104 1990 enim
1131 1955 1396 2002 explicandum
1424 1958 1531 1990 esset.
1591 1951 1710 1988 Codi-

327 2018 413 2041 cum
432 2006 579 2051 quidem
595 2004 749 2041 Pindari
767 2008 885 2043 multo
901 2007 1025 2042 minor
1041 2013 1096 2043 est
1115 2008 1322 2043 auctoritas
1341 2018 1453 2053 quam
1467 2005 1707 2049 Scholiastae3

326 2070 414 2094 nam
428 2063 611 2105 quantum
629 2059 813 2106 intelligo,
835 2072 963 2095 omnes
982 2065 1072 2096 sunt
1085 2061 1286 2096 admodum
1304 2065 1486 2106 recentes,
1507 2062 1544 2095 et
1563 2070 1707 2105 omnes,

326 2116 520 2158 quotquot
546 2111 738 2158 habemus,
761 2113 943 2149 editiones
971 2125 1048 2149 non
1074 2115 1144 2149 nisi
1163 2113 1325 2149 duorum
1347 2113 1515 2149 codicum
1537 2111 1706 2147 auctori-

325 2169 404 2200 tate
430 2165 621 2209 nituntur,
651 2164 822 2211 adeoque
850 2179 921 2214 pro
950 2167 1045 2202 binis
1073 2171 1220 2202 tantum
1252 2167 1362 2202 codd.
1392 2171 1481 2201 sunt
1508 2164 1704 2200 habendae.

320 2215 486 2252 Exhibet
505 2221 628 2252 tamen
654 2215 809 2264 Βοἀ1.γ
823 2231 1017 2268 .quoque
1042 2236 1075 2255 τε
1079 2235 1185 2262 ›cn-om,
1206 2224 1244 2255 et
1269 2235 1400 2255 ‘rex-tom
1423 2215 1704 2257 vauv1005Gott.

325 2274 387 2306 12.
410 2269 623 2306 Fulcrum
611 2270 642 2314 γ’
664 2274 751 2316 post
767 2287 895 2317 ’γυιαρκε
899 2288 930 2311 ος
950 2273 1080 2308 inserit
1099 2271 1230 2308 Pauw.
1253 2272 1300 2306 ad
1319 2272 1440 2307 ww.
1534 2272 1593 2305 13.
1615 2267 1703 2315 εἴξωσι.

321 2334 369 2358 ex
398 2321 513 2359 Rom.
543 2322 750 2358 edebatur:
783 2328 821 2358 at
838 2341 909 2372 ηςως
931 2326 1069 2371 ubique
1088 2325 1189 2361 alibi.
1246 2324 1412 2370 α’λεκτῆςκ
1429 2322 1544 2369 vulgo
1573 2331 1700 2357 omnes

322 2380 410 2411 ante
446 2375 688 2418 Schmidinm,
723 2387 850 2422 prave.
907 2376 1131 2413 Emendavit
1157 2378 1233 2422 ille,
1265 2381 1306 2410 ut
1332 2387 1434 2410 nunc
1461 2378 1531 2419 est,
1560 2377 1699 2418 metro,

321 2433 464 2478 etymo,
486 2435 524 2466 et
545 2429 626 2466 Pal.
649 2426 694 2465 C.
716 2428 1022 2477 Augustanoque
1040 2429 1347 2476 suffragantibus.
1471 2428 1531 2462 14.
1554 2426 1698 2470 φλεγυίκ

320 2546 416 2581 enim
436 2552 493 2583 est
519 2561 714 2587 commune
744 2562 827 2587 cum
856 2549 944 2585 aliis
957 2562 974 2593 ;
1045 2545 1216 2591 Utinam,
1233 2550 1276 2582 ut
1294 2545 1384 2591 dixi,
1406 2541 1549 2581 Chiron
1576 2542 1697 2579 adhuc

317 2596 391 2633 hoc
411 2604 533 2636 tamen
555 2605 677 2651 ipsum
704 2607 828 2651 potest
853 2602 974 2648 accipi
1039 2603 1199 2646 viveret,
1215 2605 1253 2636 et
1272 2611 1340 2646 ego
1360 2597 1509 2634 eumad
1523 2601 1559 2632 te
1575 2596 1694 2632 adclu-

318 2655 358 2683 et
393 2653 496 2688 reddi
526 2656 734 2701 publicum.
793 2657 830 2692 A
862 2669 898 2691 v·
935 2657 971 2691 9.
1039 2665 1123 2690 cere
1146 2650 1321 2701 possem!

318 2701 497 2748 digressio
517 2707 557 2741 fit
575 2721 584 2751 3
616 2721 684 2745 nec
704 2709 798 2745 redit
822 2709 869 2744 ad
889 2720 973 2744 suas
1093 2709 1130 2742 7.
1162 2704 1284 2754 ἕέςχειν.
1341 2702 1548 2739 Habitabat
1567 2702 1604 2737 in
1621 2700 1693 2738 Pe-

318 2765 448 2800 preces
484 2756 666 2796 Pindarus
705 2763 774 2798 nisi
809 2775 843 2797 v.
883 2764 970 2796 111.
1037 2760 1088 2796 lio
1110 2758 1282 2803 Chiron3
1312 2756 1389 2804 sed,
1411 2761 1546 2804 utpote
1569 2757 1606 2791 in
1626 2755 1693 2790 he-
