1846 3121
355 143 394 191 4
907 139 1175 196 Praefatio.

353 291 490 348 priore
525 309 590 335 me
631 296 905 350 continerem3
944 315 1030 353 quae
1058 303 1173 341 bonae
1206 298 1329 352 frugis
1360 298 1400 339 in
1433 298 1727 340 Additamentis

355 365 608 419 haberentur,
627 369 707 410 suis
727 371 826 412 locis
847 372 1062 415 insererem
1082 382 1122 414 et
1141 372 1252 414 novis
1272 372 1400 426 copiis
1419 388 1620 425 augerem.

410 440 513 486 Quae
533 457 626 483 cum
648 443 740 485 satis
759 445 973 487 constituta
999 447 1132 488 animo
1151 447 1340 489 haberem
1360 462 1369 486 ε
1400 447 1618 486 curandum
1640 462 1726 486 esse

350 511 443 563 vidi,
480 522 525 554 ut
562 524 695 556 cetera
732 518 901 559 consilio
942 527 1216 573 congruerent.
1276 518 1614 571 Quandoquidem
1645 518 1725 558 lec-

350 585 501 626 tionem
525 585 778 630 Pindaricam
802 606 824 631 a
847 592 979 645 capite
1011 594 1059 633 ad
1087 594 1239 633 calcem
1260 591 1352 631 satis
1374 591 1571 631 subtiliter
1591 605 1726 630 emen-

352 659 484 699 datam
506 661 717 703 redhibere
737 679 817 704 non
839 674 1018 719 poteram
1037 683 1045 706 :
1076 665 1186 706 nolui
1218 680 1290 705 nec
1324 674 1478 704 mutare
1511 663 1659 717 aliquid
1682 663 1726 703 in

350 731 451 773 locis
483 733 671 787 singulis3
713 736 787 777 nisi
821 738 978 792 quoties
1010 739 1216 780 manifesta
1252 737 1361 777 vitia·
1384 747 1494 777 erant
1526 737 1725 786 tollenda;

351 820 555 859 apponere
577 809 698 849 malui
720 811 921 865 judicium
956 828 1002 853 ac
1034 827 1240 852 censuram
1273 811 1312 851 in
1341 810 1434 851 Var.
1469 810 1586 851 Lect.
1619 819 1658 850 et
1686 810 1725 850 in

351 878 398 919 N
401 879 502 930 otis;
543 896 616 922 nec
657 898 731 937 pro
769 885 937 925 arbitrio
976 886 1229 939 pronuntiare
1259 886 1491 936 (molestum
1515 885 1618 924 enim
1640 899 1724 924 esse

349 954 505 1006 putavi)
533 970 583 996 ne
612 965 695 997 tum
725 958 901 1012 quidem,
923 975 1015 999 cuin
1038 960 1135 1000 mihi
1159 960 1309 999 viderer
1330 958 1482 999 veriora
1503 958 1724 1012 reperisse3

351 1027 491 1068 saltem
519 1044 599 1069 non
630 1030 703 1071 nisi
730 1032 856 1072 causis
892 1042 931 1072 et
962 1033 1180 1074 rationibus
1212 1031 1431 1086 appositis,
1460 1047 1596 1072 sensus
1618 1031 1724 1071 enirn

350 1114 417 1140 me
436 1116 550 1143 meus
577 1105 710 1154 docet,
729 1120 808 1145 non
828 1121 964 1146 vacare
987 1107 1064 1146 hoc
1086 1106 1287 1159 superbia,
1306 1105 1351 1154 si,
1371 1105 1411 1145 in
1432 1106 1606 1146 virorum
1629 1107 1725 1145 doc-

349 1181 483 1214 torum
504 1175 688 1227 dissidiis,
715 1177 809 1231 quid
842 1178 915 1218 tibi
946 1179 1114 1231 placeat,
1136 1177 1300 1232 praecise
1331 1166 1577 1231 pronunties,
1607 1195 1725 1220 causa

341 1245 486 1300 judicii
507 1248 578 1298 tui,
606 1265 677 1289 cur
707 1250 762 1290 ita
793 1265 968 1299 censeas,
1001 1265 1071 1290 cur
1105 1251 1180 1290 alia
1215 1250 1384 1305 rejicias,
1415 1250 1493 1290 alia
1525 1251 1724 1301 admittas,

348 1333 430 1358 non
449 1320 604 1369 addita3
626 1321 666 1361 id
681 1324 790 1376 quod
812 1323 939 1363 multo
960 1323 1164 1363 molestius
1180 1323 1324 1363 accidit
1344 1322 1384 1362 in
1404 1323 1557 1372 critica,
1571 1324 1723 1377 quippe

348 1392 386 1432 in
405 1395 523 1434 rebus
544 1395 729 1436 tenuibus
751 1405 791 1436 et
809 1397 977 1436 exilibus
998 1403 1208 1448 occupata,
1223 1410 1341 1449 quam
1359 1394 1399 1434 in
1420 1394 1503 1435 ullo
1526 1395 1605 1436 alio
1627 1397 1723 1436 doc-

349 1466 457 1506 trinae
477 1482 636 1520 genere.
695 1468 861 1520 Verum,
890 1478 934 1509 ut
964 1469 1060 1518 dixi,
1091 1475 1227 1520 aperte
1258 1467 1355 1507 falsa
1387 1468 1585 1521 corrigere
1616 1469 1722 1509 haud

348 1539 500 1592 refugi3
541 1549 722 1582 exactam
762 1543 812 1583 ad
847 1553 974 1584 certas
1015 1543 1169 1596 regulas
1209 1542 1421 1583 dialectum
1467 1543 1721 1584 Pindaricam

349 1611 526 1665 restitui3
555 1613 630 1654 nisi
657 1615 812 1670 quoties
835 1615 969 1656 animo
990 1616 1075 1657 aliis
1101 1616 1205 1657 curis
1226 1616 1406 1657 districto
1426 1617 1539 1657 locus
1561 1631 1661 1657 unus
1682 1625 1723 1658 et

349 1685 448 1725 alter
467 1700 532 1726 me
552 1686 667 1740 fugit.

404 1760 654 1803 Videbantur
685 1763 782 1804 mihi
810 1773 918 1806 tanto
950 1766 1101 1821 majore
1130 1779 1225 1805 cura
1253 1763 1369 1816 digna
1393 1778 1453 1813 ea,
1474 1762 1558 1804 sine
1577 1763 1721 1818 quibus

348 1835 478 1876 omnis
495 1838 730 1879 emendandi
752 1839 927 1893 impetus
948 1850 988 1881 et
1007 1849 1170 1880 conatus
1192 1854 1312 1878 vanus
1333 1847 1406 1888 est,
1426 1838 1534 1889 (loca
1554 1839 1660 1879 enirn
1681 1839 1721 1879 in

349 1908 526 1949 Pindaro
555 1920 758 1965 corrupta,
786 1912 926 1952 saltem
958 1913 1028 1964 sic,
1060 1921 1103 1953 ut
1131 1911 1325 1952 sententia
1347 1926 1395 1951 ex
1415 1912 1643 1965 corruptela
1663 1911 1722 1951 la-

348 1983 477 2031 boret,
496 1992 585 2024 sunt
605 1984 843 2038 paucissima
859 1990 889 2035 3)
918 2001 965 2026 ea
988 1985 1153 2035 scilicet,
1175 1999 1262 2040 quae
1283 1985 1332 2025 ad
1351 1983 1718 2038 interpretationem

348 2056 550 2107 facerent3
581 2067 638 2108 ut,
659 2061 767 2113 quod
793 2075 912 2113 supra
938 2060 1166 2108 innuebam,
1193 2073 1354 2099 carmen
1381 2058 1547 2110 lyricum
1567 2057 1721 2110 legatur

348 2129 511 2184 quidem
531 2146 581 2171 eo
600 2147 692 2172 cum
714 2148 828 2173 sensu
848 2133 967 2174 animi
989 2143 1029 2174 et
1049 2132 1209 2182 affectu,
1239 2147 1360 2186 quem
1390 2131 1489 2171 illud
1520 2131 1596 2172 sibi
1625 2146 1720 2184 pos-

348 2204 461 2254 tulat,
482 2205 681 2246 sententiis
702 2215 834 2248 tamen
855 2207 1016 2261 singulis
1047 2205 1140 2246 satis
1173 2204 1395 2260 perspectis
1424 2215 1464 2245 et
1494 2204 1719 2255 intellectis,

349 2291 438 2327 nec,
458 2285 499 2317 ut
519 2279 695 2320 contenti
722 2280 797 2320 sint
831 2281 999 2323 lectores
1033 2283 1203 2322 obscura
1233 2280 1365 2334 aliqua
1384 2294 1457 2319 nec
1479 2278 1572 2319 satis
1591 2278 1719 2332 expli·-

348 2349 427 2390 cita
446 2353 658 2392 verborum
678 2368 724 2393 ac
745 2354 1024 2396 sententiarum
1046 2353 1221 2394 notione.
1282 2354 1400 2407 Saepe
1430 2352 1536 2393 enim
1568 2353 1647 2406 legi
1678 2360 1719 2393 et

348 2422 445 2462 verti
469 2423 546 2464 vidi
578 2424 787 2465 Pindarica
817 2427 913 2467 scite
942 2437 982 2468 et
1011 2429 1224 2482 eleganter,
1246 2436 1290 2469 ut
1310 2438 1442 2469 tamen
1464 2436 1600 2481 aperte
1620 2427 1719 2468 mihi

349 2504 563 2546 constaret,
582 2512 654 2538 nec
676 2500 887 2538 verborum
909 2500 986 2539 vim
1009 2516 1081 2544 nec
1103 2504 1306 2545 sententiae
1334 2503 1554 2544 notionem*
1569 2503 1718 2543 claram

349 2584 394 2608 ac
415 2570 599 2611 disertam
614 2572 754 2612 animis
770 2572 955 2613 insedisse
969 2590 978 2622 3
1000 2575 1091 2615 satis
1106 2576 1230 2616 visum
1248 2593 1347 2627 esse,
1362 2576 1583 2618 dummodo
1598 2589 1719 2628 gene-

351 2642 440 2682 ralis
472 2644 600 2698 aliqua
632 2646 849 2687 enuntiatio
882 2648 1125 2688 redderetur.
1187 2649 1293 2690 Cum
1321 2659 1454 2691 tamen
1478 2664 1561 2698 eos,
1580 2647 1647 2703 qui
1667 2649 1718 2688 ad

352 2714 567 2757 Pindarum
589 2718 797 2772 legendum
820 2720 1027 2771 accedunt,
1045 2720 1200 2762 Graeeis
1221 2722 1344 2764 literis
1361 2724 1450 2779 jam
1472 2723 1717 2777 aliquantum
