1846 3121
579 129 813 182 Carmen
865 128 966 182 IV.
1364 134 1474 184 215

240 370 559 422 EAMEPON
590 366 666 435 μὲν
690 363 781 434 χρή
805 389 855 416 σε
881 369 997 435 παρ’
1021 367 1135 439 οἷνδρῖ
1161 371 1282 443 φίλῳ

238 443 429 513 Στάμεν,
460 439 643 490 εὐΐππου
670 436 1038 509 βασιλῆΪΚυξοῖ-

309 541 396 573 νας,
425 513 535 582 ὄφρα
564 508 818 580 κωμάζοντι
840 511 917 562 σῦν
943 514 1208 586 Ἀρκεσίλᾳ,

237 590 409 643 Μοῖσα,
436 585 719 634 Λατοίδαισιν
746 585 1015 654 ὀφειλόμενον

238 659 424 710 Πυθῶνί
446 660 483 706 τ’
507 657 644 727 αὔξῃς
666 658 778 725 οὖρον
803 657 958 727 ὕμνων.
1448 681 1474 718 5

233 731 379 781 ’Ἔνθα
406 729 522 780 ποτε)
546 728 743 798 χρυσέων

240 804 346 862 Διός
370 805 547 871 ὀρνίχων
573 799 802 872 πάρεδρος,

148 954 360 1005 Ἀρκεσιλάῳ.
400 956 469 993 Est
484 956 698 993 Arcesilaus
717 956 766 992 iv.
781 956 882 993 inter
901 969 1004 1005 reges
1028 962 1205 996 octavus:
1223 960 1260 996 in
1276 960 1474 1000 Arcesilae

96 1022 132 1045 v.
153 1020 307 1055 reguum
327 1010 449 1055 desiit,
467 1009 531 1045 Ol.
550 1010 706 1045 lxxxvii.
728 1013 761 1045 1.
780 1022 816 1044 v.
834 1010 880 1046 ad
900 1010 1014 1046 Diod.
1035 1016 1127 1047 tom.
1150 1014 1187 1048 ii.
1210 1026 1248 1060 p.
1272 1017 1363 1062 550,
1384 1019 1475 1051 1.-·

96 1064 135 1098 4.
166 1062 270 1096 Ante
289 1061 540 1098 Schmidium:
573 1059 797 1103 Awro‘l'Saao-m,
818 1064 920 1108 quod
949 1068 987 1098 et
1015 1065 1136 1110 ipsum
1165 1066 1255 1102 ferri
1283 1079 1393 1113 posse
1419 1070 1475 1105 ait

96 1112 229 1151 Pauw.
283 1112 385 1149 Idem
405 1113 604 1161 ὀφειλομένων
623 1114 729 1147 malit
747 1113 793 1146 ad
812 1111 917 1160 ὕμνων.
961 1114 1144 1162 Equidem
1159 1120 1351 1166 vulgatum
1373 1132 1472 1167 prae..

95 1167 211 1202 feram
232 1172 275 1202 ut
296 1167 527 1212 exquisitius.
585 1165 739 1211 Pompae
759 1165 914 1201 victoris
940 1172 978 1202 et
1002 1169 1175 1217 incessui,
1198 1176 1279 1208 tum
1297 1176 1336 1208 et
1354 1173 1475 1210 choro

98 1231 181 1255 cum
210 1220 365 1267 hymno,
387 1219 451 1265 qui
478 1219 641 1263 canitur,
664 1218 844 1253 tribuitur
868 1230 890 1253 a
916 1221 1036 1268 lyrico
1055 1223 1174 1265 πλοῦς,
1195 1225 1300 1267 ςόλος,
1327 1229 1364 1260 et
1392 1230 1476 1262 tan.

96 1272 178 1309 dem
206 1270 297 1320 οὖρος.
355 1270 407 1314 Is,
442 1272 505 1316 qui
537 1282 684 1317 pompae
716 1274 753 1305 et
787 1270 905 1307 choro
937 1274 1105 1322 interest,
1138 1279 1290 1312 cantum
1318 1278 1477 1326 adjuvat

97 1328 274 1370 tanquam
305 1335 454 1358 cursum
481 1323 600 1367 navis,
622 1323 791 1368 adeoque
818 1322 903 1367 ἀέξει
930 1323 1021 1372 οῧςον.
1132 1329 1168 1363 7.
1189 1331 1299 1366 αἴητῶν
1317 1341 1363 1365 ex
1382 1331 1474 1367 Ald.

95 1375 300 1412 Schmidius
320 1375 497 1411 intulerat
515 1386 524 1417 3
557 1379 599 1408 ut
618 1385 734 1419 supra
753 1385 920 1419 quoque,
941 1375 1055 1424 Pyth.
1078 1379 1117 1413 ii.
1141 1382 1204 1414 91.
1225 1379 1379 1430 fecerat,
1402 1396 1476 1431 pro

95 1431 214 1469 αἰετῶν,
235 1438 319 1462 eum
341 1427 454 1473 longa
471 1426 617 1475 syllaba
635 1425 865 1471 requiratur.

923 1426 994 1462 Ait
1019 1433 1143 1466 tamen
1168 1432 1279 1466 etiam
1298 1437 1476 1472 metricus

94 1479 294 1514 dimetrum
325 1477 498 1514 Ionicum
527 1490 604 1513 esse
632 1489 655 1513 a
677 1478 822 1513 minore
848 1476 1073 1526 ἀνακλώμενον,
1094 1484 1197 1527 quod
1225 1483 1272 1518 ad
1291 1487 1477 1532 syllabam

95 1535 307 1579 correptam
327 1536 487 1578 spectat.

94 1584 237 1620 bonum
265 1589 362 1620 esset
393 1587 512 1620 αἰετῶν.

95 1689 173 1730 Διὸς
189 1688 276 1738 ἕςνις.

153 1932 188 1965 l.
218 1929 356 1980 σάμεςον
375 1931 440 1980 μὲν,
462 1931 576 1968 Musa
594 1930 753 1976 ωαραςῆ-

96 1997 159 2022 ναι,
178 1982 308 2018 adesse
334 1985 459 2027 debet,
493 1989 537 2018 ut
564 1984 659 2019 adsit
685 1983 755 2029 ipsi

98 2044 248 2080 pompm
262 2035 429 2079 victoris,
450 2036 489 2071 in
504 2047 580 2081 qua
593 2036 754 2083 hymnus

98 2086 261 2122 canitur.
317 2086 450 2123 Similis
477 2089 582 2123 locus
609 2086 673 2123 01.
701 2088 750 2123 vi.

98 2140 164 2175 46.
186 2150 241 2185 sq.

155 2194 191 2227 5.
221 2190 321 2240 αὔξῃς
347 2192 420 2240 ἔξω
444 2191 551 2240 ὕμνων,
581 2192 753 2240 adjuveS,

98 2244 291 2286 secumles‚
313 2248 480 2281 cantum.

154 2299 298 2332 6-15,
318 2293 394 2332 ἔνθα
409 2300 455 2345 (ἔν
474 2294 494 2345 ᾖ
507 2295 657 2343 Πυθῶνι)
672 2295 755 2332 ποτὶ

98 2346 117 2386 *ἶ
146 2347 240 2397 ἶέςεια
270 2347 412 2396 ξ’χςησεν,
439 2348 660 2390 (ὗς-κτίσειεν
680 2350 753 2394 (sc.

96 2398 356 2445 Boi-cross——nael
376 2400 612 2447 ἀνακομίσαιτο
627 2400 663 2435 τὸ
679 2407 754 2438 Μη-

98 2448 184 2492 δείας
212 2452 283 2492 ἔπος
310 2451 348 2487 τὸ
375 2453 450 2500 περὶ
474 2452 595 2500 Θτῖςας,
620 2454 754 2488 vatici-

99 2505 203 2538 m'um
231 2506 272 2539 in
300 2507 522 2540 memoriam
542 2508 753 2552 revocaret,

101 2559 146 2590 ut
165 2556 233 2592 inf.
256 2559 318 2592 96.
348 2558 489 2604 quippe
518 2558 622 2604 quod
651 2570 752 2593 nunc

101 2615 274 2644 eventum
294 2609 468 2645 habebat.
510 2612 546 2646 7.
568 2609 668 2647 Duoe
682 2611 753 2646 illae

102 2669 226 2694 unreoe
248 2662 397 2708 aquiloe,
426 2661 541 2709 juxta
567 2664 754 2710 tripodem

104 2709 325 2758 Delphicum
351 2715 561 2762 collocatae,
580 2717 755 2752 videntur

542 1529 674 1567 Similis
700 1542 827 1566 versus
855 1530 969 1574 infra,
991 1534 1056 1568 48.
1073 1535 1123 1570 cf.
1149 1533 1282 1571 PauW.

583 1583 832 1631 Mingarellus
860 1584 1030 1620 tentabat
1057 1586 1151 1622 ἀετῶν
1182 1587 1276 1628 Ζηνὸς
1305 1587 1476 1639 τσοῖςεδςος.

95 1637 151 1672 At
183 1649 323 1673 novum
358 1640 395 1673 et
430 1637 620 1672 insolens:
650 1635 763 1672 Jovis
800 1635 957 1684 aquila;
986 1637 1063 1678 Διὸς
1093 1639 1195 1680 ἀετός.

333 1688 468 1725 Oritur
488 1690 540 1725 sic
560 1691 740 1736 suspicio,
762 1688 946 1735 glossema
972 1689 1097 1725 locum
1120 1703 1216 1728 verae
1236 1694 1339 1730 vocis
1359 1707 1475 1732 occu-

94 1752 230 1788 passe:
261 1748 300 1777 et
317 1743 466 1778 videtur
490 1742 604 1778 fuisse
629 1744 765 1791 ὄςνίχων.

95 1794 178 1834 ,rell-
199 1798 238 1831 et
262 1794 414 1843 Dawes,
437 1808 476 1843 p.
500 1798 564 1831 55.
594 1807 642 1832 ex
669 1794 733 1831 Ol.
762 1794 802 1831 ii.
835 1796 923 1830 159.

1340 1536 1477 1585 Itaque

1253 1639 1478 1688 Requiritur

825 1740 1052 1777 Inciderunt
1076 1744 1113 1777 in
1134 1744 1206 1780 hoc
1221 1744 1302 1792 jam
1323 1745 1476 1795 Minga-

980 1795 1084 1830 Addi
1111 1800 1249 1843 potest
1267 1797 1402 1835 Isthm.
1423 1802 1473 1838 vi.

818 1931 944 1965 locum
973 1929 1114 1967 dedisse
1145 1934 1246 1969 notae
1275 1933 1412 1970 fabulae
1430 1935 1477 1973 de

819 1983 915 2017 binis
935 1983 1067 2028 aquilis
1087 1995 1109 2018 a
1126 1982 1226 2021 Jove
1244 1988 1373 2023 volare
1389 1988 1476 2035 jus-

819 2036 865 2071 sis
888 2036 1010 2081 (apud
1037 2035 1163 2073 Schol.
1197 2042 1236 2073 et
1266 2039 1391 2076 Strab.
1420 2042 1473 2077 ix.

821 2099 859 2133 p.
897 2090 986 2123 643.
1025 2088 1077 2123 A.
1111 2090 1212 2126 unde
1248 2091 1286 2127 in
1319 2091 1473 2141 Fragm-

820 2139 929 2175 Pind.
952 2152 990 2186 p.
1012 2142 1102 2187 40.)
1123 2146 1165 2177 ut
1181 2144 1227 2180 de
1244 2146 1367 2182 medio
1382 2157 1475 2182 con-

819 2192 971 2227 tinentis
1003 2199 1206 2232 constaret.
1265 2197 1312 2233 In
1344 2199 1476 2235 eodem

820 2245 962 2292 templo
985 2244 1171 2283 Pindarus
1200 2247 1383 2290 Κηληδόνοις
1407 2261 1477 2287 au.

821 2309 902 2333 reas
932 2302 1107 2335 canentes
1132 2299 1292 2336 finxerat
1316 2301 1355 2336 in
1374 2302 1476 2352 frag.

821 2355 950 2386 mento
975 2349 1152 2387 Paeanum
1179 2353 1282 2400 apud
1311 2352 1474 2395 Pausan.

821 2415 857 2438 v.
877 2401 1049 2439 Schneid.
1071 2402 1223 2452 Fragm.
1245 2417 1283 2452 p.
1306 2409 1369 2443 38.
1411 2408 1478 2446 Ad

820 2467 922 2503 seqq.
940 2455 987 2492 de
1001 2455 1120 2493 Raeto
1135 2459 1313 2505 legendus
1328 2458 1475 2498 Herod.

819 2509 868 2544 iv.
889 2511 1071 2545 155.—8.
1088 2511 1159 2547 Οὔκ
1174 2508 1336 2559 ἀποδοῖμεν
1347 2513 1477 2550 'An-62-

820 2568 910 2601 λωνος
936 2561 1091 2607 τυχόντὸς
1117 2563 1163 2606 γ’,
1196 2563 1297 2610 qnia,
1329 2566 1476 2611 quotiess

822 2612 961 2661 Pythia
985 2613 1226 2665 vaticinatur,
1253 2616 1343 2655 deus
1371 2614 1476 2655 ἐπιδη-

820 2673 888 2714 μεῖ,
911 2677 1084 2715 praesens
1099 2671 1171 2704 est.
