1846 3121
561 374 623 426 Π
665 374 717 426 Τ
762 373 818 426 Θ
864 373 891 425 I
937 371 1008 425 A.

645 564 771 624 Εἶδος
810 565 856 607 »s

813 608 831 631 l
860 604 870 613 .

289 749 437 819 ΤΩ
489 731 773 821 ΑΥΤΩ
831 746 1244 852 ΙΕΡΩΝΙ,

686 944 869 975 ΚΕΛΗΤΙ.

565 1233 993 1273 ARGUMENTUM.

81 1327 324 1388 HIERO,
356 1351 449 1378 cum
485 1336 612 1376 victor
644 1336 801 1388 Pythiis
834 1337 1148 1387 renuntiabatur,
1183 1339 1291 1391 gravi
1325 1341 1474 1382 morbo

85 1400 310 1440 laborabat.
369 1394 439 1433 Ab
462 1393 540 1432 hoc
569 1393 767 1454 processit
796 1404 932 1446 poeta,
966 1395 1095 1433 dum
1087 1410 1126 1433 m
1152 1397 1253 1435 votis
1274 1397 1410 1448 habet,
1431 1404 1477 1439 ut

82 1458 200 1495 bonae
220 1449 437 1492 valetudini
458 1448 524 1489 ille
553 1448 707 1488 restitui
732 1449 878 1511 possit.
938 1449 1045 1489 Vota
1067 1450 1151 1490 haec
1172 1451 1226 1491 ita
1247 1453 1474 1516 eloquitur:

84 1510 309 1551 Chironem
344 1507 482 1547 adesse
512 1505 644 1555 v,ellet
674 1519 742 1558 qul
763 1506 1048 1559 AEsculapium
1071 1507 1279 1547 educavit:
1312 1510 1478 1561 poetico

84 1566 228 1620 spiritu
259 1565 453 1617 abreptus
488 1562 667 1602 fabulam
701 1562 922 1616 interponit
959 1568 1139 1608 14—78.
1172 1564 1221 1604 de
1250 1563 1479 1618 AEsculapii

92 1622 307 1670 natalibus,
341 1629 427 1660 tum
460 1625 596 1666 79-1
612 1626 673 1659 10.
695 1620 744 1659 de
766 1620 852 1675 ejus
873 1628 956 1660 arte
978 1627 1017 1659 et
1037 1621 1222 1671 fortuna3
1253 1636 1358 1661 nunc
1378 1620 1482 1661 redit

87 1681 138 1720 ad
169 1688 262 1718 vota
295 1692 379 1726 sua,
411 1685 451 1716 et
486 1685 672 1730 precatur
708 1677 978 1717 deos.—l40.
1041 1676 1259 1732 Subjungit
1295 1677 1481 1718 consola-

89 1736 243 1775 tionem
268 1749 290 1774 a
312 1733 544 1773 εοηάἰῑιοῃθ
566 1733 739 1772 humana
763 1732 946 1786 petitam,
977 1733 1016 1772 in
1048 1749 1169 1787 quam
1199 1734 1387 1774 omnibus
1408 1749 1481 1774 nu-

90 1791 211 1832 meris
228 1791 411 1853 perfecta
432 1788 602 1830 felicitas
624 1790 731 1830 haud
751 1790 859 1830 eadit
872 1795 1042 1841 3-—190
1065 1791 1225 1830 tandem
1248 1790 1481 1844 exemplum

90 1848 195 1904 aequi
216 1862 341 1888 amml
362 1862 402 1887 m
422 1861 463 1887 se
485 1845 575 1900 ipso
596 1847 802 1900 proponit.

622 1984 661 2014 Σ.
683 1979 728 2013 α’.
784 1984 825 2014 Κ.
841 1978 895 2024 ιγ’.

242 2037 539 2097 HQEAON
565 2050 649 2097 X&
612 2071 752 2118 ειξωνα
780 2072 828 2098 κε
852 2048 1134 2117 Φιλλυρίδαν,

244 2119 301 2170 Et'
321 2143 401 2190 χξε
387 2144 459 2170 ων
485 2119 613 2169 Tou&
639 2124 725 2190 οἷμε
729 2145 872 2213 Taepocg’l
878 2122 965 2173 οἷπο
993 2119 1151 2187 γλωσ-

318 2217 406 2251 σας
432 2216 563 2242 κοινον
589 2192 872 2259 sugao‘Sou’
847 2219 963 2254 επος,

158 2329 278 2369 κέλητι.
308 2328 521 2366 Victoriam
550 2343 629 2368 esse
657 2330 857 2381 Pythicam
876 2330 1043 2368 dubitari
1062 2332 1208 2380 nequit.
1266 2332 1330 2371 Bis
1349 2333 1488 2374 Hiero.

105 2396 191 2421 nem
207 2384 389 2419 victorem
410 2382 556 2432 Pythiis
575 2385 689 2421 fuisse
708 2385 830 2432 aiunt,
851 2383 968 2434 Pyth.
998 2387 1100 2422 xxvi.
1135 2392 1173 2422 et
1199 2388 1312 2423 xxvii.
1369 2388 1492 2435 Atqui

104 2442 187 2473 tum
205 2437 269 2473 ille
287 2437 456 2473 nondum
477 2440 560 2473 erat
578 2450 643 2473 rex
659 2450 670 2482 ;
701 2450 779 2485 quo
799 2439 952 2474 nominc
971 2451 1048 2475 non
1069 2440 1137 2475 nisi
1158 2437 1315 2488 Olymp.
1332 2442 1434 2477 lxxv.
1452 2444 1489 2478 3.

108 2490 279 2536 adeoque
298 2488 412 2539 Pyth.
435 2491 549 2526 xxvii.
572 2495 727 2527 ornatus
747 2492 849 2527 fuit:
881 2491 994 2529 Diod.
1015 2495 1065 2529 xi.
1089 2497 1151 2528 38.
1175 2499 1210 2528 et
1231 2497 1294 2530 67.
1352 2493 1491 2531 Dicen-

110 2543 197 2579 dum
216 2544 345 2592 igitur,
368 2554 517 2580 carmen
538 2546 653 2580 serius
673 2545 857 2592 scriptum
875 2557 966 2581 esse.
1024 2545 1088 2583 Cf.
1111 2545 1276 2583 Gedike.

170 2662 206 2694 3.
236 2661 326 2697 κοινὸν
358 2662 444 2708 ἔπος,
479 2675 507 2699 s.
540 2663 696 2699 solenne
726 2674 771 2699 ac
839 2665 958 2711 cipit;
988 2664 1055 2700 etsi
1075 2665 1159 2700 loca
1174 2665 1324 2702 laudata
1343 2664 1406 2703 Ol.
1428 2666 1491 2702 vii.

115 2713 284 2759 vulgare,
306 2726 335 2750 s.
366 2727 563 2752 commune
588 2717 770 2752 omnium.
844 2721 930 2753 170.
962 2730 1000 2754 x.
1038 2721 1097 2753 15.
1126 2719 1203 2754 xiii.
1226 2722 1288 2756 69.
1310 2718 1423 2756 Nem.
1444 2720 1495 2755 iv.

117 2763 305 2802 Gedikius
331 2767 377 2803 de
405 2769 569 2816 publicis
594 2772 692 2807 votis
709 2782 772 2806 ac·
840 2774 904 2807 20.
935 2771 970 2807 id
1004 2771 1103 2807 haud
1137 2777 1325 2820 arguunt:
1355 2773 1499 2820 uhique
