1846 3121
824 348 886 402 Π
929 350 980 404 Υ
1026 350 1082 404 Θ
1129 350 1155 403 1
1199 346 1271 401 A.

932 540 1056 599 Εἶδος
1094 541 1145 602 η’.

391 726 457 798 Α
472 721 1098 802 ΡΙΣΤΟΜΕΝΕΙ
1160 706 1691 817 ΑΙΓΙΝΗΤΗ,’

884 919 954 953 ΠΑ
960 921 1142 957 ΛΑΙΣΤῌ,

831 1276 1259 1315 ARGUMENTUM.

343 1326 552 1386 FACIT
581 1353 703 1398 poeta
733 1354 825 1386 vota
850 1348 901 1387 ad
928 1346 1296 1401 Tranquillitatem,
1317 1355 1402 1388 tum
1425 1347 1476 1388 ad
1499 1346 1736 1400 Apollinem

343 1412 512 1455 propter
533 1401 742 1442 victoriam
764 1402 1035 1443 Aristomenis
1055 1404 1396 1455 Pythicam—29.
1416 1403 1508 1443 hinc
1530 1405 1578 1444 ad
1600 1404 1737 1444 laudes

343 1458 503 1511 AEginae
524 1473 573 1498 ex
602 1458 772 1512 antiquis
795 1459 1009 1499 decoribus
1030 1465 1389 1508 conversus,—-39.
1422 1474 1517 1500 cum
1550 1475 1591 1499 se
1623 1475 1737 1499 revo-

344 1524 474 1554 casset
506 1515 556 1553 ad
585 1513 854 1554 Aristomenis
887 1515 1038 1564 laudes,
1075 1516 1260 1555 transfert
1294 1515 1334 1555 in
1367 1530 1460 1555 eum
1497 1515 1737 1568 Amphiarai

344 1569 627 1611 dictum—63.
658 1571 856 1624 simulque
888 1571 1028 1611 intexit
1060 1572 1146 1626 ejus
1177 1571 1406 1611 vaticinium
1429 1573 1478 1611 de
1499 1573 1737 1612 Aicinaeone

344 1634 386 1665 et
419 1625 617 1678 Epigonis
651 1625 818 1666 Thebas
857 1627 1270 1680 expugnaturis—78.
1330 1628 1491 1673 Quibus
1533 1627 1739 1681 subjungit

345 1683 638 1735 professionem
680 1682 838 1737 pietatis
874 1699 953 1723 suae
988 1684 1028 1723 in
1061 1684 1353 1733 Alcmaeonem,
1387 1699 1508 1738 quem
1548 1695 1738 1738 tanquam

344 1738 511 1778 heroem
538 1739 808 1778 domesticum
830 1741 1057 1785 colit—87.
1108 1740 1233 1784 Redit
1252 1741 1343 1783 hinc
1366 1743 1416 1781 ad
1438 1740 1740 1785 Aristomenem

345 1804 385 1834 et
408 1796 513 1835 bona
533 1809 610 1851 pro
631 1810 680 1835 eo
700 1794 796 1836 facit
816 1806 921 1837 vota.

881 1917 917 1947 Σ.
938 1911 982 1948 α’.
1037 1918 1078 1948 K.
1099 1909 1143 1948 θ’.

493 1981 836 2049 ΦΙΛΟΦΡΟΝ
861 2000 1084 2064 Ἀο-υχῖα,
1113 2000 1264 2061 Δίκας

481 2074 556 2119 ’ΥΩ
582 2072 858 2140 μεγιςόπολι

401 2190 525 2243 ἅρματι
558 2200 648 2245 post
678 2198 839 2248 παλαις-ᾖ
866 2199 1048 2237 insertum
1077 2201 1160 2235 erat
1188 2197 1413 2247 Oxoniensi‚
1442 2199 1535 2236 vitio
1563 2210 1611 2236 an
1641 2208 1742 2236 casu..

349 2245 464 2284 Certe
504 2249 763 2290 Aristomenes
797 2250 982 2289 Xenarcis
1016 2253 1042 2288 f.
1078 2253 1200 2289 vietor
1231 2253 1305 2290 suit
1341 2255 1445 2289 lucta
1479 2252 1742 2340 Pythsxxv.

349 2313 432 2348 quae
452 2301 490 2337 in
511 2301 575 2340 Ol.
593 2304 740 2340 lxxxiii.
759 2306 794 2340 3.
811 2305 959 2352 incidit,
979 2311 1018 2341 et
1036 2306 1184 2352 quidem
1208 2309 1232 2343 ἐν
1253 2307 1372 2348 παισὶ,
1388 2310 1432 2342 ut
1450 2318 1496 2342 ex
1516 2307 1577 2341 39.
1624 2307 1658 2338 5.
1677 2304 1743 2339 46.

347 2358 466 2401 patet.
583 2360 617 2392 1.
647 2355 776 2393 Metra
795 2358 912 2406 hujus
934 2359 1106 2394 carminis
1128 2370 1278 2405 magnas
1306 2358 1452 2394 faciunt
1479 2357 1742 2395 difficultates:

347 2407 486 2452 quihus
504 2408 679 2445 tollendis
706 2421 775 2445 nec
806 2423 874 2457 par
895 2423 992 2457 sum,
1015 2423 1137 2459 neque
1165 2412 1202 2446 id
1232 2413 1469 2457 propositum
1490 2410 1578 2445 mihi
1606 2409 1743 2444 habeo.

349 2458 470 2496 Etiam
492 2460 741 2510 RIingarellus
762 2463 853 2499 colis
874 2464 983 2499 aliter
1000 2463 1267 2499 distribuendis
1296 2465 1331 2498 in
1362 2463 1504 2499 schedis
1522 2463 1642 2497 multa
1662 2465 1745 2497 ten-

349 2517 510 2561 viverat,
541 2528 625 2563 quae
658 2515 734 2551 alio
761 2516 850 2554 loco
878 2527 1084 2563 apponam.
1144 2514 1192 2551 In
1212 2517 1380 2564 singulis,
1404 2528 1481 2552 uno
1501 2516 1623 2551 aliove
1641 2516 1744 2562 loco,

408 2621 442 2655 1.
490 2617 716 2667 Exemplum
763 2633 842 2658 esse
880 2625 1006 2669 potest
1074 2622 1266 2669 ingenium
1309 2625 1432 2669 poetae
1478 2621 1588 2671 lyrici
1633 2619 1746 2657 effer-

350 2668 413 2703 hic
456 2672 575 2719 locus,
621 2675 715 2721 (alia
759 2687 795 2710 v.
843 2675 912 2711 inf.
959 2675 1007 2711 ad
1074 2686 1225 2711 vescens
1266 2676 1303 2711 in
1350 2675 1503 2710 eandem
1550 2673 1746 2710 notionem

351 2719 466 2759 Nem.
503 2725 579 2761 viii.
621 2729 703 2774 pr.)
740 2740 851 2774 quam
889 2729 1008 2765 multa
1076 2728 1240 2776 colligat.
1288 2726 1439 2774 Ἡσυχία.
1466 2727 1546 2775 (vel
1586 2730 1629 2763 nt
1653 2725 1744 2762 scri.
