1846 3121
319 125 431 181 306
921 128 1138 203 Pythia.

473 268 641 337 Βροτων
660 292 705 318 το
730 269 898 341 τερπνόν
922 272 1122 341 αυξεται
1165 297 1276 324 ουτω

471 341 538 392 A}
565 343 642 391 καὶ
669 364 816 394 ωιτνει
843 349 1020 433 χαμαὶ,
1048 345 1284 417 α’ποτςόπω

471 412 637 485 Γνωμοι
662 438 951 486 σεσεισμενον.

881 567 923 599 E.
946 562 981 600 ε’.
1039 570 1081 600 Κ.
1101 563 1156 599 ax'.

475 628 731 701 Ἔπαμεροι.
807 634 868 683 Τί
891 632 931 683 δε
956 650 1052 692 τις;
1094 634 1139 682 τί
1162 633 1196 681 δ’
1224 632 1272 683 οὔ
1298 650 1394 692 τις;
1642 649 1720 688 135

474 705 667 762 Σκιας
641 729 752 774 ovone,
781 704 1020 776 ἄνθρωποι.

478 777 713 836 Addo-sog
739 776 870 849 ἔλθη,

479 850 693 921 Λαμπξόν
719 830 894 918 φέγγος
920 850 1066 904 ἕπεςιν
1092 851 1246 920 οἷνδρῶν

1098 707 1250 763 Ἀλλ’,
1280 706 1377 756 ’ὅταν
1402 703 1552 771 αἴγλα

336 1023 425 1057 133.
456 1018 487 1056 ἑὲ
515 1022 574 1058 καὶ
601 1025 689 1059 ante
705 1022 931 1059 Schmidium
951 1023 1092 1070 ubique
1109 1023 1266 1066 lectum,
1288 1028 1404 1070 recte,
1425 1023 1525 1061 utin
1539 1021 1723 1059 Iambico.

331 1071 502 1110 Mutavit
521 1070 568 1109 δή.
614 1076 735 1121 waliam
753 1076 888 1112 dixisse
903 1076 1068 1122 videtur,
1089 1087 1200 1122 quem
1220 1077 1308 1112 alias
1329 1074 1477 1124 δαίμονα,
1487 1076 1574 1123 sati
1599 1075 1726 1112 decre-

332 1130 430 1169 tum,
452 1130 629 1163 eventum
646 1128 816 1174 fatalem
835 1129 1043 1175 appellant.
1160 1131 1248 1165 135.
1277 1127 1317 1165 οὔ
1335 1144 1381 1168 τις
1399 1127 1590 1176 disjunxi3
1620 1131 1728 1164 tanta

331 1183 389 1215 est
416 1180 587 1215 humanae
616 1181 728 1216 sortis
755 1182 1021 1226 inconstantia,
1042 1181 1095 1217 ita
1124 1182 1250 1217 omnia
1277 1184 1367 1217 sunt
1386 1183 1411 1216 ἔν
1430 1181 1481 1230 ῥοῇ
1498 1183 1556 1217 καὶ
1575 1180 1668 1229 φορᾷ,
1690 1182 1729 1216 et

331 1237 520 1280 perpetua
547 1234 773 1281 mutatione,
804 1238 848 1270 ut
875 1247 944 1271 nec
973 1235 1045 1271 dici
1073 1236 1206 1281 possit,
1228 1234 1320 1282 quid
1347 1234 1586 1281 ephemerum
1616 1233 1727 1281 illud,

333 1286 439 1332 quod
458 1285 644 1322 hominem
665 1288 914 1334 appellamus,
933 1288 996 1336 sit,
1015 1288 1105 1334 quid
1134 1300 1212 1324 non
1232 1289 1292 1324 sit.
1350 1288 1568 1334 Antequam
1598 1286 1728 1322 elocu-

333 1341 397 1375 tus
415 1339 546 1384 fueris,
564 1339 644 1388 jam
663 1341 757 1376 illud
775 1353 853 1377 esse
872 1341 995 1387 desiit,
1021 1341 1123 1388 quod
1142 1346 1237 1386 erat,
1259 1353 1343 1377 cum
1363 1353 1405 1377 os
1423 1340 1599 1376 solveres.
1648 1336 1728 1375 Lo-

334 1403 401 1429 cus
420 1393 626 1440 praeclarus
647 1405 670 1429 a
687 1395 814 1430 multis
832 1395 1023 1440 laudatus,
1045 1399 1088 1429 ut
1115 1406 1137 1429 a
1167 1393 1374 1430 Plutarcho
1402 1394 1448 1430 de
1467 1393 1651 1429 consolat.
1682 1392 1729 1428 ad

337 1446 472 1491 Apoll.
505 1457 542 1493 p.
567 1448 655 1482 104.
677 1445 723 1483 Β.
837 1449 925 1481 136.
955 1446 1028 1493 ἕνας
1045 1447 1078 1489 ’γ’
1095 1443 1255 1492 ἅνθρωποι
1283 1446 1412 1481 addito
1438 1446 1566 1481 fulcro
1595 1444 1727 1482 Pauw.

341 1501 430 1534 138.
461 1496 555 1534 Erat
573 1498 825 1546 λαμτςὸνὲπεςι
846 1497 975 1542 φέγγος.
1033 1495 1093 1532 Ita
1122 1508 1200 1532 non
1231 1498 1437 1545 respondet
1464 1498 1576 1533 colon
1597 1498 1729 1534 ceteris

338 1550 600 1598 superioribus
618 1562 655 1586 v.
683 1554 750 1596 22,
773 1552 837 1596 51,
863 1552 950 1585 109.
1007 1547 1213 1598 Dactylum
1241 1551 1278 1585 in
1309 1551 1430 1598 prima
1457 1563 1529 1598 pro
1558 1550 1729 1586 trochaeo

336 1602 468 1639 haberi
490 1602 605 1650 jubet
632 1601 823 1639 Pauwius.
879 1602 916 1638 Si
935 1603 1082 1650 legatur
1111 1603 1272 1650 inverse,
1301 1603 1450 1651 λαμπρὸν
1483 1601 1601 1647 φέγγος
1626 1602 1731 1641 ἶπες-ιν

338 1654 460 1703 ἀνδρῶν,
490 1656 616 1692 similis
644 1658 716 1692 erit
743 1656 851 1692 alteri
871 1669 905 1691 v.
924 1659 987 1691 80.
1045 1654 1160 1701 Tum,
1181 1668 1229 1692 ne
1249 1656 1354 1694 ἴπεῑιν
1373 1653 1509 1704 &vigim
1527 1654 1729 1703 desideres,

333 1707 454 1756 junge
471 1720 482 1743 t
513 1708 631 1754 φέγγος
650 1708 772 1758 ἀνδρῶν,
789 1714 827 1745 et
844 1710 934 1748 ἔπεςι
954 1709 1084 1757 accipe
1103 1720 1175 1757 pro
1193 1707 1332 1756 miger».

337 1842 400 1879 ille
418 1843 499 1889 ipse
516 1842 666 1879 fructus
684 1855 729 1879 ex
749 1843 884 1890 opibus
909 1854 997 1889 par·
1072 1843 1201 1891 tigerit
1227 1843 1270 1880 id
1297 1843 1400 1891 quod
1427 1853 1497 1878 nos
1528 1840 1732 1878 illustrare

339 1897 398 1931 tis.
419 1894 601 1932 Felicitas
612 1897 719 1932 modo
730 1898 998 1939 crescz't,modo
1067 1899 1206 1946 possit,
1227 1899 1294 1943 (ut
1321 1897 1480 1932 victoria
1506 1907 1527 1930 e
1555 1895 1729 1931 certami-

339 1949 519 1986 decrescit
538 1954 576 1985 et
593 1952 799 1986 evertitur:
828 1951 997 1987 131—4.

339 2001 495 2049 Pergit:
517 2003 611 2038 adeo
631 2014 735 2039 vanae
746 2006 835 2039 sunt
854 2014 915 2038 res
928 2003 999 2040 hu-

343 2067 493 2092 mcmoe:
536 2058 623 2103 etsi,
656 2057 723 2092 deo
751 2055 914 2103 volente,
953 2057 1004 2093 acl

344 2120 523 2156 magnam
556 2109 749 2146 interdum
786 2109 1002 2146 claritatem

341 2161 480 2210 aliquis
494 2165 684 2211 pervenit.

400 2218 489 2252 133.
520 2216 691 2264 ἀτοτξέπῳ
717 2216 829 2264 ’γνώμᾳ
857 2227 930 2263 pro
963 2220 1004 2252 εἱ-

344 2268 503 2318 μαξμένῃ,
542 2268 706 2316 decreto,
733 2269 826 2316 salo
863 2271 1003 2317 infesto

344 2321 633 2368 labefactatum.

402 2377 625 2410 135-139,
645 2373 817 2410 Debebat
835 2386 938 2410 esse:
930 2376 1005 2418 ἔφή-

345 2445 384 2477 ps
375 2444 430 2476 ςοι
449 2425 611 2475 α’νθςω-οι
630 2428 663 2462 τί
691 2429 767 2475 ἓσμε
770 2444 781 2461 ν
801 2438 808 2445 ·
839 2428 872 2463 'ri'
890 2426 932 2464 ἔκ
951 2429 1003 2462 ἔσ-

345 2497 399 2527 μεν
413 2492 422 2524 3
452 2479 546 2520 σκιᾶς
567 2478 638 2526 ὄναρ
664 2479 766 2526 ἐσμέν.
799 2454 909 2515 ‚Tam
937 2490 1004 2525 pa-

345 2543 428 2568 rum
460 2537 609 2568 constat
626 2532 672 2567 de
697 2532 861 2568 hnmana
886 2535 1003 2578 sorte,

347 2590 421 2621 tam
443 2587 584 2633 fragilis
611 2586 673 2621 illa
691 2590 761 2633 est,
782 2590 823 2621 ut
842 2587 903 2622 vix
930 2586 1003 2621 dici

349 2640 478 2684 possit,
511 2639 600 2686 qnid
629 2639 742 2674 homo
771 2640 844 2684 sit3
876 2643 920 2675 ut
947 2639 1004 2674 in-

349 2697 491 2725 certum
514 2694 573 2733 sit,
596 2692 687 2740 quid
704 2695 753 2727 sit
771 2692 896 2740 homo,
918 2691 1010 2741 quid

351 2754 426 2778 non
445 2746 506 2779 sil.
544 2744 580 2780 Si
601 2750 725 2781 tamen
743 2746 919 2782 divinitus
937 2746 1006 2782 ob-

1073 1951 1159 1995 ne,)
1173 1954 1339 1998 quantus
1355 1949 1535 1998 splendor
1549 1959 1592 1983 ac
1605 1947 1733 1983 lumen

1074 2003 1261 2050 (gloriae),
1273 2008 1414 2048 quanta
1429 2001 1587 2037 felicitas
1602 2004 1734 2035 nostra

1073 2067 1151 2092 esse
1172 2055 1320 2104 potest!
1364 2053 1512 2091 Locum
1531 2053 1646 2089 fuisse
1664 2064 1732 2088 an-

1069 2113 1107 2145 te
1127 2110 1261 2145 oculos
1279 2109 1374 2155 aliis,
1391 2108 1471 2156 jam
1491 2107 1733 2143 observatum

1069 2167 1150 2198 est:
1199 2162 1416 2209 praecipuus
1455 2163 1513 2196 est
1549 2158 1734 2207 Sophocl-

1071 2215 1142 2263 Aj.
1179 2218 1268 2258 125,
1301 2217 1337 2250 6.
1367 2218 1406 2250 et
1437 2212 1634 2249 Philemon
1665 2224 1731 2259 ap.

1071 2268 1179 2304 Stob.
1200 2269 1274 2304 xci.
1333 2266 1397 2303 Cf.
1428 2265 1536 2303 Beck
1565 2266 1613 2302 ad
1639 2264 1732 2301 Ari-

1071 2321 1197 2368 stoph.
1220 2321 1295 2357 Av.
1320 2333 1355 2368 p.
1379 2323 1444 2356 71.

1130 2377 1217 2410 136.
1249 2372 1307 2410 Ut
1326 2374 1451 2409 solent
1476 2369 1671 2408 sententiae
1688 2382 1732 2406 a-

1072 2432 1169 2463 cutae
1184 2427 1222 2462 in
1239 2427 1360 2462 varias
1378 2428 1505 2472 partes
1519 2423 1620 2459 trahi
1641 2434 1732 2470 pos-

1071 2492 1124 2525 se,
1146 2480 1198 2515 sic
1216 2484 1254 2515 et
1278 2479 1316 2514 h.
1337 2480 1362 2514 1.
1390 2481 1458 2513 aut
1484 2476 1532 2512 ad
1550 2477 1732 2513 elevatio.

1070 2544 1155 2568 nem
1193 2531 1420 2568 conditionis
1461 2529 1650 2576 humanae,
1688 2533 1734 2565 ut

1071 2585 1159 2633 feci,
1180 2584 1282 2631 quod
1301 2595 1385 2619 cum
1404 2594 1507 2629 seqq.
1525 2582 1732 2627 convenit3

1071 2643 1138 2675 aut
1155 2639 1202 2674 ad
1221 2638 1438 2674 varietatem
1458 2642 1498 2673 et
1511 2636 1734 2672 inconstan-

1072 2693 1162 2728 tiam
1194 2691 1327 2727 referri
1357 2693 1496 2738 potest,
1526 2688 1733 2726 secundum

1074 2744 1346 2782 antecedentia.
