1846 3121
412 94 481 141 32
611 117 615 119 ·
973 90 1243 149 Praefatio.

410 247 522 280 rant:
551 244 616 280 sed
634 256 678 280 ex
697 243 919 283 Bodleiano
937 247 1042 283 codd.
1061 247 1266 294 exscriptas
1283 258 1294 291 ς
1324 248 1371 284 de
1389 249 1524 294 quibus
1543 251 1666 290 tamen
1686 254 1797 290 codd.

408 313 503 348 nihii
529 314 617 349 satis
632 313 772 351 'diserte
802 322 959 365 narrant
973 328 984 359 3
1016 326 1098 360 quae
1127 316 1199 362 ipsi
1226 316 1565 365 observaverimus,
1586 333 1703 369 supra
1729 336 1796 360 ex·

409 383 534 430 posita
561 388 676 418 sunt.
719 382 942 420 versionem
971 390 1170 427 servarunt
1195 396 1241 420 cx
1269 383 1796 438 Schmidianaffivparaphrasin

406 451 650 498 subjecerunt
669 464 713 488 ex
733 451 973 488 Salmuriensi
992 452 1170 499 editione,
1192 466 1268 497 una
1287 468 1370 491 cum
1388 460 1629 505 argumentis.
1677 460 1793 503 ‘Indi-

406 533 487 558 cem
513 522 741 569 locupletem
772 522 844 568 ipsi
872 520 1132 558 confecerunt.
1192 521 1466 561 oxoniensium
1496 525 1651 563 Pindari
1670 529 1792 566 edito..

405 604 490 628 rum
515 592 730 629 desideratae
759 590 924 639 ἀκςιξείας
943 591 1128 638 specimen
1158 594 1363 639 proposuit
1381 593 1432 630 R.
1454 594 1602 632 Dawes.
1625 596 1789 634 Miscell.

404 663 489 698 crit.
525 666 617 699 sect.
637 663 675 698 ii.
708 675 745 710 p.
778 664 948 698 33—68.
982 661 1061 707 (ed.
1098 659 1216 707 Burg.
1247 672 1287 707 p.
1312 664 1397 709 37.)
1440 662 1638 701 Ρ-ιιηνίιιῑιι
1666 659 1790 709 minus

400 733 537 770 acerbe
557 745 642 769 cum
660 733 702 768 iis
722 744 829 780 agere
847 732 1036 768 interdum
1056 731 1209 767 miratus
1224 743 1322 767 sum.

454 800 657 849 Repetitus
686 807 742 837 est
767 806 966 837 contextus
991 806 1112 847 poetae
1138 813 1183 836 ex
1211 801 1283 844 hae
1309 802 1488 850 editione,
1513 804 1677 850 primum
1695 804 1785 849 edit.

400 857 640 918 Glasguensi,
667 873 780 907 1744.
803 882 889 906 cum
915 871 1230 916 interpretatione
1259 869 1395 907 Latina
1410 884 1421 916 3
1452 870 1647 919 et‘Graece
1667 876 1783 918 1754.

400 942 464 976 24.
496 941 615 976 tribus
645 941 898 977 voluminibus
931 940 1173 986 nitidissimis,
1207 944 1246 975 et
1279 943 1392 976 1770.
1415 944 1451 976 8.
1485 942 1620 978 avon.
1673 942 1784 980 Adde

397 1008 563 1045 Londini
587 1013 700 1046 1753.
721 1022 783 1056 ap.
806 1008 983 1058 Bowyer.
1004 1008 1141 1045 Venet.
1162 1011 1275 1044 1762.
1299 1010 1373 1045 8*.

449 1077 621 1114 Veniunt
640 1079 788 1114 tandem
808 1079 844 1113 in
868 1090 1060 1113 recensum
1081 1078 1182 1113 hunc

393 1146 461 1184 J0.
484 1145 600 1186 Corn.
622 1147 667 1183 de
686 1145 808 1182 Paua:
827 1144 943 1182 Notae
970 1149 1012 1181 in
1031 1144 1260 1187 Pindarum.
1307 1146 1414 1194 Traj.
1436 1150 1484 1184 ad
1503 1133 1634 1195 Rhen.
1663 1152 1778 1188 1747.

475 1221 510 1253 8.
549 1222 628 1251 tum
665 1220 803 1261 praeter
839 1215 957 1248 vitum
998 1212 1179 1259 Pindari,
1220 1210 1445 1251 Carminam
1480 1215 1778 1265 Pindstricorum

470 1283 722 1331 Fragmenta.
779 1278 943 1319 Curuvit
973 1279 1041 1316 Jo.
1072 1279 1121 1317 G.
1155 1279 1375 1320 Schneider.
1409 1285 1570 1332 Argent.
1604 1289 1718 1324 1776.
1738 1291 1778 1324 4.

466 1367 551 1400 qua:
575 1353 758 1389 volumini
786 1350 899 1398 hujus
926 1349 985 1385 ed.
1015 1351 1130 1386 tertio
1158 1352 1299 1388 inserta
1327 1358 1429 1390 sunt.
1487 1353 1680 1392 Frielerice·
1697 1355 1775 1393 Ge·
1799 1358 1807 1364 ”

466 1424 553 1460 clc'lre
572 1427 696 1458 autem
717 1421 854 1468 ingenii
874 1420 1132 1466 doctrinaeque
1156 1423 1361 1469 specimina
1376 1424 1415 1459 iu
1434 1422 1602 1460 Pindaro
1628 1426 1666 1460 in
1686 1437 1776 1462 nos.

465 1500 567 1531 trum
605 1503 811 1531 sermonem
848 1492 1029 1539 verte-'do
1065 1497 1103 1527 et
1136 1493 1361 1529 illustrando
1397 1494 1504 1529 annis
1533 1496 1597 1530 77.
1632 1496 1696 1530 79.
1737 1498 1776 1531 et

467 1567 530 1602 86.
560 1575 677 1611 supra
701 1563 778 1610 jam
798 1561 1017 1608 memoravi,
1046 1569 1082 1598 ct
1103 1573 1204 1596 nuuc
1230 1563 1368 1598 iterum
1403 1562 1528 1598 debita
1557 1574 1640 1598 cum
1659 1563 1774 1599 laude

464 1645 648 1670 memoro.
678 1631 762 1668 Nec
774 1631 894 1667 minus
913 1643 1050 1668 novam
1066 1631 1267 1678 editionem
1280 1630 1354 1668 aV.
1372 1628 1418 1667 C.
1436 1628 1527 1668 Chr.
1543 1630 1649 1667 Dan.
1667 1630 1774 1668 Beck

464 1706 632 1751 paratam
650 1699 785 1748 Lipsiae
804 1712 814 1735 ε
836 1697 1106 1747 Olympiorum
1121 1682 1275 1745 ‘quidem
1297 1700 1382 1735 xcii.
1401 1704 1437 1736 8.
1461 1711 1537 1735 una
1553 1712 1637 1735 cum
1651 1699 1770 1736 Scho-

461 1773 516 1807 liis
535 1777 572 1807 et
587 1769 698 1807 Obss.
723 1771 805 1805 crit.
828 1774 866 1805 et
886 1767 1025 1817 Pythia
1042 1780 1086 1804 ac
1106 1767 1253 1805 Nemea
1272 1781 1354 1804 xcv.
1376 1780 1453 1804 una
1480 1780 1566 1804 cum
1585 1768 1758 1807 Scholiis.

431 1842 467 1878 Si
486 1843 545 1878 hic
565 1842 610 1877 de
629 1853 669 1876 re
688 1839 841 1877 libraria
859 1844 1050 1889 ageretur,
1074 1851 1149 1874 non
1180 1840 1225 1874 de
1254 1839 1409 1874 critica:
1440 1839 1618 1875 laudandi
1644 1845 1768 1877 essent

376 1918 414 1950 et
433 1914 458 1948 ii
477 1913 605 1959 libelli,
622 1913 757 1957 quibus
778 1913 913 1958 passim
933 1912 1071 1946 inserta
1090 1913 1178 1945 sunt
1196 1909 1343 1956 singula
1363 1910 1527 1944 carmina
1547 1907 1761 1947 Pindarica.

375 1983 437 2020 Sic.
456 1981 764 2018 Institutionibus
785 1979 859 2017 Gr.
881 1978 931 2016 L.
953 1977 1136 2018 Cleuarclz·
1155 1977 1239 2014 Ode
1259 1979 1379 2025 prima
1398 1979 1559 2025 repetita
1577 1980 1657 2026 (ed.
1677 1979 1762 2029 Syl-

375 2055 486 2100 burg.
508 2051 591 2088 Frf.
609 2049 777 2087 lVechel.
803 2054 916 2087 1598.
936 2063 974 2098 p.
996 2050 1127 2095 411.)‚
1147 2046 1305 2097 Olymp.
1327 2048 1351 2083 i.
1376 2046 1487 2096 Pyth.
1506 2048 1571 2084 vii.
1590 2047 1705 2086 Nem.
1720 2049 1759 2085 ii.

376 2121 510 2159 Isthm.
532 2121 583 2157 iii.
603 2122 641 2156 in
664 2119 808 2157 l'orstz'i
825 2124 915 2157 vett.
939 2132 1062 2167 poem.
1084 2116 1156 2154 Gr.
1185 2118 1311 2154 select.
1341 2119 1429 2153 item
1461 2118 1547 2155 Ode
1579 2121 1690 2156 tertia
1720 2121 1762 2156 in

414 2248 432 2266 ’
455 2247 645 2278 Nuntiatum
669 2253 743 2280 erat,
759 2245 799 2277 V.
819 2244 854 2277 C.
875 2244 1063 2275 Bit-harduin
1083 2244 1232 2274 Chandler
1254 2254 1367 2274 novam
1391 2241 1519 2273 Pindmi
1542 2242 1757 2273 recensionem

369 2316 500 2346 parare;
522 2316 631 2336 verum
655 2306 719 2346 ipse
744 2305 871 2345 privatis
895 2305 990 2335 literis
1008 2304 1082 2334 mihi
1107 2303 1301 2343 significavit,
1319 2302 1453 2333 alienum
1477 2312 1508 2332 se
1525 2302 1565 2331 ab
1581 2303 1644 2331 hoe
1657 2302 1756 2332 consi-

367 2365 408 2394 lio
425 2376 501 2395 esse.
548 2365 665 2395 Audivi
687 2372 800 2399 tamen,
817 2366 855 2395 ab
873 2375 910 2394 eo
927 2361 1065 2394 curatam
1081 2373 1147 2393 esse
1164 2363 1258 2393 codd.
1276 2361 1379 2393 Vatic.
1398 2361 1529 2391 Pindari
1545 2360 1758 2400 comparatio-

367 2433 450 2458 nem,
465 2430 497 2454 et
519 2424 721 2455 Guilielmurn
745 2424 858 2455 Clarke
881 2423 1005 2454 codices
1029 2423 1209 2452 Marcianos
1233 2421 1374 2461 quinque
1400 2419 1569 2449 contulisse
1594 2419 1626 2448 in
1642 2419 1751 2449 Chan-

367 2482 443 2513 dleri
459 2494 557 2513 usum.
590 2484 731 2514 Monebo
748 2494 850 2523 porro,
865 2491 906 2512 ne
922 2483 954 2511 'm
979 2491 1114 2511 errorem
1135 2480 1264 2513 incidas,
1279 2478 1326 2508 Jo.
1347 2488 1401 2507 tan
1417 2477 1472 2507 der
1488 2476 1604 2506 Dussen
1622 2476 1750 2506 Prodro-

365 2550 445 2569 mum
466 2551 544 2571 ποτα
568 2541 695 2572 Pindari
717 2543 865 2575 editioni&
880 2540 1015 2581 CampiS,
1033 2541 1126 2570 1769.
1145 2541 1175 2571 8.
1199 2538 1238 2568 ad
1263 2537 1431 2578 Epitomen
1456 2537 1563 2568 Iliadis
1585 2547 1748 2577 perperam

364 2599 422 2630 hoc
440 2599 563 2630 nomine
580 2600 759 2641 inscriptam
777 2606 928 2641 spectare.
