1846 3121
538 371 601 426 Π
643 372 696 426 Τ
741 369 798 424 Θ
845 369 872 423 I
916 366 990 421 A.

660 563 783 621 Εἶδος
823 563 864 613 ι’.

206 748 755 825 ΙΠΠΟΚΑΕΑ
806 741 1316 836 ΘΕΣΣΑΛῼ,

581 941 935 973 ΔΙΑΥΛΟΔΡΟΜῼ.

555 1302 985 1340 ARGUMENTUM.

69 1373 387 1433 VICTORIS
419 1387 616 1440 originem
652 1391 703 1428 ab
742 1389 1032 1429 Aristomacho
1074 1388 1296 1429 Heraclida
1335 1402 1460 1442 quum

69 1446 276 1499 attigisset,
304 1443 519 1484 consilium
545 1444 675 1497 aperit
702 1445 933 1485 celebrandi
964 1445 1051 1499 ejus
1081 1445 1307 1493 victoriam,
1338 1460 1461 1499 quam

69 1501 273 1545 beneficio
295 1499 502 1556 Apollinis
521 1504 614 1552 (15)
636 1509 676 1540 et
697 1500 822 1555 patris
845 1500 1021 1541 Phriciae
1042 1501 1230 1553 exemplo
1252 1504 1345 1551 (19)
1365 1515 1464 1540 con-

69 1566 264 1613 sequutus
285 1563 474 1598 est—25.
536 1557 655 1598 Bona
676 1557 885 1612 subjungit
904 1566 996 1598 vota
1027 1572 1103 1610 pro
1135 1556 1353 1606 felicitatis,
1375 1571 1465 1609 quae

70 1614 174 1670 patri
205 1624 246 1655 et
275 1614 361 1655 filio
391 1613 574 1667 contigit,
606 1614 890 1669 perpetuitate,
911 1629 999 1669 quae
1021 1623 1129 1654 tanta
1157 1621 1230 1664 est,
1261 1621 1305 1655 ut
1335 1612 1466 1667 major

70 1671 233 1712 mortali
258 1671 468 1724 obtingere
494 1679 680 1725 nequeat,
704 1685 785 1711 non
818 1671 944 1725 magis
970 1686 1090 1727 quam
1124 1679 1181 1720 ut,
1201 1670 1312 1725 quod
1342 1668 1476 1725 aiunt,¹

73 1729 124 1769 ad
156 1728 450 1783 Hyperboreos
474 1727 705 1782 perveniat3
736 1742 818 1783 quo
851 1737 1078 1769 memorato
1099 1728 1148 1767 ad
1170 1726 1467 1780 Hyperboreos

72 1784 250 1838 mythice
281 1783 526 1839 exspatiatur
547 1784 732 1830 46—78.
764 1785 869 1825 unde
901 1793 1062 1826 revocat
1092 1790 1264 1825 se—84.
1285 1781 1467 1837 subjicit-

77 1857 155 1901 que
175 1841 314 1883 laudes
334 1839 498 1882 victoris
520 1849 559 1881 et
580 1841 806 1894 gentilium.

656 1973 694 2003 Σ.
713 1966 758 2006 α’.
815 1972 857 2002 Κ.
872 1965 907 2000 ι’.

227 2034 439 2093 ΟΛΒΙΑ
476 2043 772 2114 Λακεδαῖμον·

227 2113 453 2185 Μάκαιρα
480 2117 740 2167 Θεσσαλία·
781 2116 958 2184 πατρδς

137 2241 311 2281 Ἰπποκλεῖ
326 2244 418 2283 Ald.
439 2244 544 2292 quod
571 2245 668 2281 idem
696 2256 836 2281 nomen
855 2246 928 2292 est,
947 2244 1011 2281 sed
1032 2245 1224 2282 communi
1242 2245 1390 2291 forma3
1421 2245 1472 2284 cs.

85 2295 296 2335 Muncker.
318 2299 365 2335 ad
386 2298 575 2335 Antonin.
603 2299 668 2335 lib.
692 2301 756 2335 34.
804 2297 1021 2335 Thessalica
1048 2299 1164 2336 fuisse
1192 2300 1340 2336 videtur
1358 2297 1489 2337 ‘on-‘tran⁴

86 2351 197 2391 κλείοις
216 2353 256 2385 et
269 2348 480 2394 Ἱπποκλέας,
499 2362 612 2398 quam
631 2351 854 2388 scholiastes
881 2351 1005 2388 firmat
1031 2352 1078 2388 ad
1107 2364 1167 2400 pr.
1225 2351 1383 2391 Pelinna
1409 2364 1477 2390 seu

86 2401 297 2451 Pelinnaeo,
318 2402 521 2440 Thessaliae
552 2406 654 2441 ultra
681 2403 847 2442 Peneum
875 2406 985 2453 urbe,
1006 2406 1210 2442 oriundum
1229 2407 1333 2453 (vide
1352 2411 1477 2444 tamen

88 2454 159 2492 inf.
179 2469 216 2492 v.
240 2456 328 2503 85.)
347 2460 385 2493 et
413 2468 498 2492 cum
519 2458 712 2505 Alevadss,
734 2459 799 2505 qui
819 2462 899 2494 tum
919 2457 1217 2495 Thessalicarum
1237 2460 1386 2496 urbium
1407 2459 1476 2496 do-

89 2509 274 2546 minatum
292 2509 499 2558 habebant,
516 2512 574 2558 (v.
592 2510 783 2548 Herodot.
804 2512 904 2559 inpr.
923 2511 985 2548 vii.
1006 2514 1042 2548 6.
1060 2516 1099 2548 et
1112 2513 1163 2549 ibi
1178 2511 1322 2560 valk.)
1342 2524 1479 2560 genere

91 2561 342 2611 conjunctum
361 2563 477 2600 fuisse
494 2576 540 2601 ex
559 2577 595 2602 v.
616 2568 656 2613 7,
679 2567 715 2601 8.
742 2565 977 2612 intelligitur.
1017 2564 1135 2602 Cous.
1165 2564 1292 2602 Schol.
1341 2565 1479 2603 Victor

93 2611 331 2661 Hippocleas
359 2616 504 2665 diaulo,
534 2619 584 2665 (ἐν
612 2618 744 2661 παισὶν,
765 2630 801 2654 v.
826 2618 913 2665 14.)
943 2621 982 2654 et
1007 2619 1139 2655 eodem
1167 2619 1227 2655 die
1254 2619 1392 2667 stadio,
1412 2618 1483 2656 etsi

94 2664 211 2714 hujus
229 2669 382 2706 alterius
402 2670 570 2707 victoriae
600 2670 639 2706 in
668 2671 832 2706 carmine
855 2671 1035 2708 memoria
1052 2671 1159 2708 nulla
1177 2671 1232 2721 fit,
1252 2671 1365 2723 Pyth.
1385 2672 1478 2710 xxii.

97 2716 194 2762 Quae
223 2720 253 2757 si
271 2720 494 2761 Scholiastes
523 2726 626 2761 recte
653 2724 783 2773 tradit,
803 2724 914 2762 debet
939 2723 1012 2761 hoc
1038 2735 1189 2763 carmen
1216 2727 1338 2774 prima
1356 2728 1481 2775 poetae
