1846 3121
340 150 446 200 252
935 144 1149 214 Pythia.

490 285 636 354 Πόντῳ
663 287 700 334 τ’
727 282 904 354 ἐρυθρῷ,
933 288 1135 353 Λαμνιᾶν

485 359 541 407 T’
567 355 679 406 ἔθνει
706 358 924 421 ’γυναικῶν
949 356 1219 424 ἀνδροφόνων.

486 429 633 480 ’Ἔνθα
662 432 737 479 καὶ
764 429 895 494 ’γυίων
921 427 1109 487 ἀέθλοις
1134 426 1290 477 ἐπεδεί-

559 503 688 568 ξαντο
716 503 870 571 κρίσιν,
897 500 1093 560 ἐσθᾶτος
1119 501 1283 569 οἷμφὶς,

1650 443 1736 480 450

889 652 926 682 Σ.
946 645 1003 687 ιβ’.
1059 650 1100 680 K.
1122 642 1172 680 ιδ’.

986 716 1077 763 Καὶ
1103 712 1139 762 ἕν
1163 712 1455 769 ἄλλοδαπαῖς

490 795 576 855 Περ
603 785 800 856 οἷρούραις
826 787 1032 844 τουτάκις
1057 783 1263 854 ὑμετέρας

488 717 578 764 Καὶ
606 711 908 764 συνεύνασθεν.

345 959 436 994 448.
469 955 616 1005 Λαμνιᾶν
636 957 767 1003 scripsi
790 967 859 1002 pro
880 956 1030 1002 Λημνιᾶν.
1075 953 1126 991 V.
1151 954 1267 1003 Pyth.
1288 956 1311 991 i.
1338 958 1425 991 100.
1457 953 1521 990 01.
1542 953 1590 989 iv.
1617 957 1737 990 3⁶2.—

344 1011 437 1046 451.
468 1009 583 1053 -ξοιντο
601 1010 699 1056 agio-m
719 1010 764 1047 ἐς·
786 1012 999 1053 anapaestus
1019 1018 1090 1052 pro
1110 1008 1280 1053 spondeo
1300 1008 1336 1042 in
1357 1009 1443 1043 loco
1463 1007 1629 1043 secundo
1651 1019 1734 1043 ver-

346 1075 408 1098 sus
427 1059 634 1103 trochaici3
666 1070 735 1094 nec
763 1060 835 1105 legi
864 1069 1012 1094 necesse
1039 1064 1121 1095 est:
1153 1061 1231 1103 -ξαν
1258 1060 1355 1105 κρίσιν
1373 1062 1416 1104 γ’,
1435 1062 1456 1094 ἐ.
1479 1060 1581 1094 conf.
1603 1058 1734 1096 Pauw.

345 1116 452 1162 ἀμφὶς
471 1115 563 1148 vett.
594 1112 826 1159 grammatici
854 1111 1092 1157 dubitarunt,
1113 1113 1210 1157 χωρὶς
1232 1122 1278 1145 ne
1299 1108 1442 1153 ἐσθῆτος,
1464 1122 1510 1146 an
1542 1122 1612 1157 pro
1632 1112 1735 1160 ἀμφὶ,

346 1167 436 1212 weg),
462 1167 623 1212 positum
642 1165 704 1207 sit,
718 1165 754 1199 ἶν’
771 1165 790 1213 ᾗ
814 1163 851 1199 τὸ
871 1160 1024 1205 ἔπαθλον,
1042 1162 1150 1204 ἓσ-ἓνῗς,
1172 1162 1275 1208 quod
1295 1173 1340 1197 ex
1360 1161 1550 1199 Simonide
1569 1163 1736 1199 declara-

345 1222 424 1251 tur.
483 1216 650 1253 Miratur
669 1216 800 1252 Pauw.
824 1226 893 1252 cur
924 1220 1035 1262 poeta
1056 1228 1133 1252 non
1161 1215 1353 1261 scripserit
1371 1216 1474 1263 ἀμφὶ,
1496 1217 1598 1262 quod
1628 1216 1738 1262 liqui-

347 1270 435 1304 dum
457 1273 495 1305 et
515 1271 754 1317 perspicuum
776 1273 870 1304 erat.
927 1267 1025 1304 Sane
1042 1268 1191 1315 quidem
1211 1271 1434 1303 vetustatem
1454 1269 1491 1302 in
1511 1281 1556 1304 eo
1575 1272 1738 1304 sectatus

348 1323 463 1358 videri
484 1323 628 1369 possit:
659 1334 745 1358 nam
776 1333 864 1357 usus
893 1320 1118 1358 Homericus
1144 1320 1183 1356 id
1211 1321 1408 1367 probabile
1434 1321 1560 1357 facere
1586 1326 1738 1369 potest3

346 1377 417 1411 nisi
435 1375 537 1422 quod
558 1376 609 1412 sic
635 1379 692 1411 est
709 1376 825 1419 circa,
845 1375 898 1420 μὶν
917 1375 1024 1419 οἰμφὶς
1044 1374 1148 1412 ξὀντες.
1206 1373 1275 1408 Sed
1295 1385 1373 1408 non
1393 1373 1543 1421 dubito,
1563 1374 1671 1422 οἰμφὶς
1698 1373 1735 1410 h.

346 1430 371 1464 l.
394 1440 472 1464 esse
500 1439 547 1463 ex
573 1428 718 1464 solenni
744 1438 813 1461 suo
836 1424 1043 1472 significatu
1075 1426 1255 1471 positum,
1286 1437 1358 1471 pro
1385 1426 1540 1473 absque,
1567 1428 1662 1472 sine,
1693 1432 1737 1462 ut

348 1486 463 1528 poeta.
482 1480 591 1514 ludos
606 1481 801 1527 gymnicos
820 1482 927 1512 actos
945 1477 1060 1513 fuisse
1078 1478 1255 1513 declaret.
1365 1480 1457 1513 453.
1488 1479 1575 1526 wag*
1592 1479 1654 1513 alii
1672 1490 1735 1525 ap,

346 1533 508 1570 Schmid.
530 1533 673 1567 vitiose.
711 1530 885 1566 Debebat
905 1529 1009 1575 prior
1029 1542 1092 1577 pes
1113 1530 1301 1565 trochaeus
1322 1542 1425 1573 esse3
1456 1531 1583 1576 itaque
1601 1529 1735 1567 Pauw.

347 1585 548 1622 emendat:
577 1580 796 1620 σίλλοὲαπαῖ-
823 1598 857 1617 σι
877 1597 938 1629 περ
957 1582 1115 1630 α’ςοιίραις.
1174 1581 1291 1623 Nunc
1309 1594 1332 1618 a
1351 1582 1496 1618 Beekio
1523 1582 1665 1618 editum
1683 1585 1738 1619 vi.

347 1639 433 1684 deo,
455 1652 517 1684 περ
537 1635 721 1683 οἰςούραιο-ιν
739 1650 769 1669 νι,
791 1633 917 1668 nescio
945 1646 1021 1679 qua
1048 1636 1140 1683 lege.
1198 1634 1298 1670 Mihi
1324 1636 1522 1681 probabile
1540 1636 1740 1672 videbatur

348 1691 488 1726 fuisse:
519 1685 731 1724 σίλλννδαπαῖς
784 1692 861 1725 ταῖς
891 1683 918 1720 δ’
942 1687 1104 1734 α’ς-οιῖροιις.
1161 1686 1257 1723 Cum
1285 1688 1429 1724 medela
1459 1693 1533 1723 tam
1564 1689 1740 1736 ambigua

348 1744 409 1792 sit,
432 1753 509 1778 non
530 1739 649 1774 ausim
669 1737 809 1782 aliquid
830 1741 989 1774 mutare.
1037 1738 1135 1775 Mox
1155 1739 1309 1789 ὑμετέξας
1325 1741 1359 1775 οἰ.
1378 1740 1406 1776 ὅ.
1427 1740 1646 1786 exquisitius
1667 1754 1738 1789 pu-

350 1879 532 1924 sequutus
552 1886 631 1910 esse
645 1872 806 1918 videtur,
824 1876 868 1908 ut
881 1871 1010 1919 Argo-

350 1935 484 1967 nautas
503 1932 540 1964 et
557 1929 637 1974 ipse
655 1927 692 1961 in
715 1925 833 1961 reditu
853 1925 889 1960 in
912 1924 1010 1961 Oce-

350 1995 462 2020 anum
498 1981 679 2017 deductos
717 1990 795 2014 csse
827 1979 1009 2025 crederet,

349 2037 412 2073 sed
437 2037 484 2071 ab
506 2035 650 2069 oriente
669 2032 785 2077 Asiae,
807 2031 1010 2066 secundum

350 2090 523 2126 notiones
565 2084 837 2134 geographicas
881 2095 1011 2130 pravas

350 2144 558 2190 priscorum
578 2139 771 2174 hominum
788 2137 1010 2172 constituto.

352 2195 447 2232 Inde
465 2197 503 2229 et
521 2192 635 2232 Ιιενόντος
659 2187 780 2238 ἐρυθρὸς
806 2195 861 2225 est
890 2187 1012 2225 Ocea-

350 2260 421 2284 nus
454 2245 637 2287 Indicus;
680 2255 700 2278 e
733 2254 810 2287 quo
842 2242 1011 2278 Africam

349 2302 398 2337 ab
425 2300 570 2335 oriente
597 2295 852 2338 circumvecti,
883 2295 948 2330 ubi
974 2296 1011 2330 in

350 2352 515 2390 australe
548 2349 632 2397 ejus
677 2348 775 2383 latus
814 2347 1011 2392 flexerant,

350 2418 506 2444 escensu
527 2404 563 2438 in
583 2402 688 2437 littus
707 2399 812 2434 sacto
841 2411 908 2445 per
935 2411 1011 2435 me-

350 2461 447 2495 diam
468 2456 637 2493 Africam
656 2464 785 2488 versus
810 2452 1013 2497 septentri-

353 2525 462 2548 onem
491 2511 698 2557 portarunt
725 2504 888 2540 humeris
910 2504 1012 2539 navi.

353 2565 468 2611 ginni,
498 2563 620 2598 donec
649 2559 687 2594 in
716 2553 918 2594 Tritonide
946 2568 1012 2604 pa-

354 2617 441 2652 lude
477 2617 613 2651 iterum
648 2612 882 2658 navigarent.
947 2608 1011 2645 Cf.

355 2679 439 2714 sup.
459 2668 505 2702 ad
524 2669 589 2702 47.

407 2721 579 2755 448-9.
610 2716 703 2752 Non
734 2716 806 2753 nisi
832 2717 870 2752 in
892 2715 1014 2752 reditu

1076 1874 1284 1911 secundum
1349 1872 1556 1910 Pindarum
1615 1875 1742 1911 adiere

1079 1926 1262 1964 Lemnum
1292 1926 1557 1974 Argonautae3
1590 1938 1691 1974 cum,
1721 1940 1742 1964 e

1078 1979 1278 2016 Tritonide
1304 1978 1460 2026 Palude,
1484 1979 1523 2014 in
1544 1991 1644 2016 mare
1661 1992 1740 2025 me.

1078 2032 1331 2069 diterraneum
1351 2031 1458 2078 illati,
1486 2033 1744 2078 pervenissent

1079 2085 1243 2121 Theram
1258 2097 1267 2120 ε
1300 2085 1429 2120 relicta
1446 2097 1490 2120 ea
1506 2097 1635 2121 versus
1654 2098 1739 2133 sep-

1080 2139 1322 2183 tentrionem,
1345 2149 1411 2184 per
1430 2149 1531 2173 mare
1550 2137 1738 2186 AEgaeum‚

1080 2203 1208 2227 versus
1239 2189 1469 2226 Thessaliam
1507 2192 1738 2234 tendebant3

1080 2244 1132 2280 ita
1165 2244 1204 2279 in
1250 2241 1433 2279 Lemnum
1474 2256 1536 2279 eos
1572 2244 1742 2280 incidisse

1081 2296 1133 2332 nil
1152 2297 1302 2343 mirum,
1322 2296 1423 2331 forte
1448 2297 1496 2331 ab
1523 2299 1653 2331 austro
1673 2297 1740 2331 ab-

1082 2354 1235 2396 reptos;
1275 2348 1388 2393 unde,
1420 2348 1572 2383 mutatis
1604 2349 1738 2395 ventis,

1080 2402 1125 2435 ad
1159 2400 1305 2436 Iolcum
1337 2401 1374 2435 in
1407 2398 1599 2436 Thessalia
1625 2413 1740 2448 expe-

1080 2453 1156 2488 dita
1176 2457 1257 2488 erat
1276 2452 1478 2498 navigatio.

1133 2507 1225 2540 450.
1270 2503 1486 2539 Certamina
1517 2504 1556 2540 in
1593 2503 1739 2542 Lemno

1079 2556 1208 2592 habita
1233 2568 1405 2603 magnam
1433 2556 1569 2593 famam
1596 2558 1634 2593 in
1662 2558 1740 2594 Ar-

1079 2609 1289 2657 gonauticis
1319 2609 1496 2646 habuere.
1553 2608 1739 2647 Pindarus

1080 2663 1255 2711 gymnica
1298 2667 1492 2698 memorat.
1568 2661 1739 2700 Vidimus

1080 2727 1165 2762 sup.
1187 2713 1251 2751 Ol.
1271 2714 1320 2750 iv.
1344 2717 1405 2750 31.
1429 2727 1482 2761 sq.
