1846 3121
520 320 581 372 N
622 320 671 374 E
713 293 783 376 Μ
825 323 874 376 Ε
916 324 988 379 A.

654 512 776 574 Εἶδος
812 515 875 566 3‘.

277 693 712 767 ΧΡΟΜΙΩ
762 699 1247 792 ΑΙΤΝΑΙΩ,

652 888 846 922 APMATI.

551 1251 972 1293 ARGUMENTUM.

75 1317 445 1376 CHROMIUM
458 1337 685 1389 pronuntiat
703 1338 893 1379 victorem
909 1339 947 1380 in
971 1339 1122 1393 Pythiis
1145 1339 1435 1396 Sicyoniorum,

67 1403 113 1435 et
132 1394 222 1434 hinc
243 1392 404 1445 dignum
423 1392 598 1432 carmine
624 1400 769 1438 1—17.
791 1390 965 1436 deflectit
982 1397 1032 1436 ad
1052 1397 1282 1448 Adrastum,
1303 1401 1370 1453 qui
1390 1417 1437 1442 ea

71 1447 388 1491 instituerat.——6
397 1453 429 1486 1.
480 1446 597 1486 Bona
626 1456 716 1488 vota
736 1464 811 1501 pro
830 1450 1136 1498 AEtnaeis.—79.
1186 1452 1295 1495 Inter
1314 1459 1434 1499 fortes

71 1519 210 1547 eorum
240 1503 345 1544 viros
368 1511 428 1542 est
448 1502 833 1546 Chromius.—103.
892 1504 991 1547 Inde
1022 1508 1122 1548 redit
1151 1510 1200 1549 ad
1218 1510 1436 1565 victoriam,

66 1576 236 1615 'eamque
257 1558 439 1600 laudibus
459 1566 585 1599 ornat.

634 1683 802 1728 Δυωᾶεκάς
826 1688 870 1724 α’.

211 1764 659 1824 ΚΩΜΑΣΟΜΕΝ
684 1776 799 1844 παρ’
823 1777 1060 1829 Ἀπόλλω-

285 1870 349 1905 νος
373 1843 633 1903 Σικυώνοθε,
661 1849 849 1906 Μοῖσαι,

121 1988 213 2027 Tria
231 2000 313 2035 quae
332 1990 541 2035 sequuntur
564 1987 728 2024 carmina
745 1999 823 2024 non
842 1990 887 2026 ad
907 1990 1154 2032 Nemeonicas
1173 1997 1313 2044 scripta
1339 2012 1432 2049 esse,

67 2048 106 2080 et
123 2055 189 2091 per
208 2054 245 2078 se
266 2045 369 2089 patet
385 2042 608 2088 inspicienti,
629 2044 666 2076 et
683 2045 853 2077 notatum
880 2048 936 2081 est
962 2058 985 2082 a
1003 2052 1127 2085 vetere
1145 2060 1295 2098 quoque
1310 2065 1433 2100 gram-

67 2097 204 2132 matico
222 2095 268 2130 ad
290 2106 349 2142 pr.
370 2093 482 2141 hujus
499 2093 652 2142 hymni;
672 2092 767 2128 idem
787 2094 939 2141 adjicit:
969 2097 1014 2134 διὸ
1032 2101 1260 2150 κεχωςισμένκι
1280 2104 1432 2153 Φέςοντοιι.

67 2147 189 2185 Erant
205 2159 294 2196 ergo
312 2147 439 2196 hymni
458 2147 495 2182 hi
514 2146 615 2193 olim,
634 2146 672 2181 in
691 2145 806 2192 libris,
826 2148 989 2185 distincti
1008 2161 1031 2185 a
1055 2153 1200 2200 ceteris,
1221 2158 1259 2190 et
1275 2155 1313 2191 in
1332 2157 1434 2194 hunc

67 2202 195 2239 locum
223 2203 401 2236 venerant
419 2200 533 2247 forte,
553 2199 655 2246 quod
674 2198 845 2236 librarius
865 2202 995 2249 aliquis
1022 2214 1092 2239 suo
1116 2203 1347 2244 Nemeorum
1367 2221 1433 2245 co-

65 2255 138 2291 dici
157 2257 313 2290 vacante
338 2253 460 2299 spatio
488 2253 527 2288 in
545 2252 617 2288 fine
634 2262 697 2288 eos
717 2255 937 2291 attexuerat.
994 2254 1181 2293 Videntur
1197 2263 1333 2306 autem,
1353 2273 1434 2299 mea.

66 2308 257 2354 opinione,
277 2305 324 2342 ad
352 2307 496 2353 ἐγκώμια
521 2306 721 2352 pertinere,
741 2317 823 2351 quae
843 2305 1024 2345 Pindarus
1043 2310 1252 2356 scripserat.
1310 2312 1433 2351 Chro-

66 2361 160 2397 mius
188 2360 298 2406 idem,
318 2358 365 2394 ad
383 2370 492 2405 quem
513 2357 624 2395 Nem.
646 2357 764 2406 prima
781 2360 933 2407 scripta,
954 2362 1075 2397 victor
1094 2364 1280 2411 quadrigis
1297 2365 1334 2401 in
1354 2365 1431 2415 Py-

67 2413 152 2449 thiis
168 2411 327 2461 Sicyone
340 2411 518 2447 celebrari
529 2411 658 2459 solim,
676 2423 698 2447 a
713 2410 900 2450 Clisthene
914 2414 1012 2450 circa
1023 2412 1085 2450 Ol.
1101 2427 1136 2452 L.
1161 2418 1222 2452 50.
1238 2417 1429 2457 institutis.

66 2463 118 2503 V.
138 2464 298 2502 Pausan.
319 2475 356 2500 x.
379 2466 440 2500 37.
463 2468 500 2501 et
518 2463 640 2500 Schol.
661 2465 707 2500 ad
727 2477 761 2500 v.
784 2478 842 2513 pr.
892 2465 1141 2504 Referebatur
1161 2473 1282 2506 tamen
1301 2483 1432 2525 eorum

65 2518 172 2566 origo
190 2518 238 2554 ad
256 2517 489 2554 Adrastum:
518 2517 602 2554 vide
620 2529 655 2555 v.
677 2520 740 2555 20.
762 2530 842 2566 sqq.
899 2517 959 2556 Ita
986 2519 1082 2556 enim
1111 2526 1230 2569 poetae
1249 2523 1318 2562 sibi
1334 2525 1431 2562 sole.

123 2641 156 2674 1.
186 2636 219 2674 E
236 2637 379 2689 Pythiis
405 2637 564 2690 Sicyone
582 2639 716 2676 habitis
780 2639 826 2685 ad
845 2640 975 2678 urbem
994 2639 1160 2681 AEtnam.

66 2693 164 2738 κῶμος
175 2691 325 2730 victoris
338 2693 488 2731 ducitur
505 2693 543 2731 in
557 2692 715 2731 Siciliam
