1846 3121
372 127 447 176 40
935 117 1210 175 Praefatio.

371 279 444 315 fat.
474 275 671 314 Demosth.
701 289 741 324 p.
770 277 861 313 lxix.
884 278 960 313 lxx.
984 282 1098 323 atque
1126 277 1207 312 haec
1234 276 1447 323 fragmenta
1471 288 1552 313 esse
1576 276 1764 323 arbitror,

371 358 534 393 quorum
563 346 818 392 discrepantes
843 346 1024 381 lectiones
1051 346 1098 381 ad
1125 344 1352 381 Schmidium
1379 346 1530 381 miserat
1550 345 1646 382 Dav.
1665 345 1765 383 Hoe-

371 415 556 451 schelius:
587 427 672 450 cum
692 427 738 449 eo
759 418 928 461 tempore
947 414 1116 448 nondum
1135 414 1230 450 alius
1254 415 1420 461 scriptus
1440 413 1594 451 Pindari
1611 416 1707 451 liber
1727 417 1766 451 iu

373 496 419 520 ea
432 483 660 520 bibliotheca
673 488 834 519 extaret.
873 482 986 517 Alter
996 483 1021 507 ἦ
1037 480 1196 529 Nemea,
1211 494 1323 528 quem
1338 494 1423 518 cum
1438 484 1590 530 vulgata
1604 484 1767 520 lectione

371 559 571 599 comparet
588 553 730 588 utinam
749 541 806 588 {ir
825 552 961 587 doctus
983 563 1059 586 una
1079 563 1163 586 cum
1183 550 1332 585 scholiis
1351 551 1388 586 in
1409 549 1579 597 Isthmia,
1606 551 1766 587 laudatis

372 621 573 668 Reisnero⁷
590 633 627 668 p.
645 624 708 657 79.
730 622 807 657 duo
828 620 962 666 reliqui
977 617 1158 668 Olympia
1177 618 1370 665 exhibent,
1385 631 1485 654 unus
1501 631 1586 654 cum
1599 619 1764 668 scholiis,

372 692 421 726 ab
443 690 625 738 Adolpho
649 688 806 725 Occone
832 689 977 724 medico
1002 688 1179 735 scriptus,
1200 688 1296 723 alter
1316 699 1401 723 cum
1420 688 1551 735 glossis
1570 689 1767 724 interline-

372 759 514 794 aribus.
571 757 680 794 Misit
697 770 820 804 nuper
839 759 886 793 ad
904 769 962 793 me
981 757 1262 804 perhumaniter
1282 756 1463 794 Reiskius
1493 758 1610 793 varias
1630 758 1762 794 lectio.

372 839 437 863 nes
459 840 543 863 cum
564 827 728 873 scholiis,
750 839 814 862 seu
837 826 962 874 potius
982 826 1128 873 glossis,
1150 839 1171 863 e
1189 828 1318 863 codice
1345 828 1576 875 Augustano
1597 839 1763 876 papyra-

373 908 440 933 ceo
461 902 624 939 recente,
647 908 757 942 quem
778 896 877 931 hunc
897 896 1032 931 ultimo
1052 897 1138 932 loco
1159 902 1410 934 memoratum
1427 909 1506 933 esse
1525 909 1674 933 necesse
1692 902 1761 934 est.

371 965 458 1002 Nec
478 967 575 1001 enim
597 967 697 1001 ultra
717 964 900 1014 Olympia
922 966 1106 1012 procedit,
1128 971 1167 1001 et
1192 978 1238 1002 ex
1266 966 1524 1002 recentissimis
1543 971 1626 1010 est3
1656 978 1762 1002 eum-

374 1047 448 1081 que
471 1040 539 1070 aut
565 1047 611 1070 ex
631 1034 773 1069 Aldina
792 1034 1037 1081 descriptum,
1060 1039 1127 1070 aut
1147 1047 1230 1071 cum
1251 1037 1315 1071 illa
1334 1041 1371 1072 et
1399 1048 1485 1072 cum
1504 1034 1625 1072 Palat.
1648 1034 1695 1072 C.
1717 1048 1762 1072 ac

374 1101 486 1138 Bodl.
511 1102 556 1139 C.
580 1115 625 1138 ex
645 1103 773 1137 eodem
795 1103 903 1137 fonte
922 1102 1070 1139 fluxisse
1089 1105 1257 1140 arbitror
1275 1107 1314 1142 †.

428 1172 562 1209 Illatus
593 1183 716 1217 nuper
750 1178 806 1205 est
837 1171 873 1205 in
906 1171 1172 1207 bibliothecam
1205 1170 1382 1219 Georgiae
1412 1174 1598 1220 Augustae
1629 1172 1761 1209 Codex

371 1241 638 1289 bombycinus,
662 1240 755 1274 folio
776 1240 934 1284 minore,
956 1244 1141 1275 vetustate
1160 1244 1199 1276 et
1226 1241 1298 1275 situ
1321 1241 1420 1276 haud
1440 1252 1572 1288 parum
1591 1243 1759 1289 attritus,

373 1310 554 1359 Olympia
580 1316 619 1345 et
646 1308 783 1357 Pythia
810 1320 894 1343 cum
919 1308 1067 1344 scholiis
1094 1310 1340 1356 complexus3
1371 1309 1551 1357 subjectis
1571 1309 1760 1348 Nicandri

373 1379 565 1416 Theriacis
596 1384 634 1414 et
665 1378 1004 1425 Alexipharmacis,
1037 1379 1075 1414 in
1108 1379 1243 1424 quibus
1276 1380 1463 1426 permulta
1499 1381 1573 1416 alio
1609 1381 1758 1429 ordine,

370 1465 485 1500 quam
522 1453 559 1488 in
592 1452 768 1498 vulgatis,
801 1450 969 1486 exhiberi
999 1448 1172 1495 vidimuS,
1207 1449 1333 1484 itidem
1366 1461 1450 1485 cum
1488 1449 1651 1487 scholiis.
1709 1449 1757 1487 In

365 1522 531 1559 Pindaro
552 1521 714 1567 quidem⁷
737 1519 1007 1569 Olympiorum
1029 1518 1149 1564 prima
1168 1519 1216 1553 ab
1235 1518 1308 1553 alia
1324 1530 1437 1554 manu
1456 1519 1495 1554 in
1515 1519 1646 1555 charta
1663 1532 1758 1568 sup-

367 1592 470 1638 pleta
497 1594 567 1635 est,
595 1590 705 1625 etiam
732 1590 769 1624 in
798 1588 1024 1637 Pythiorum
1057 1588 1188 1622 ultima
1217 1587 1349 1634 viginti
1381 1588 1572 1624 novissimi
1605 1600 1752 1625 versus.

366 1659 512 1697 Saeculo
538 1660 615 1694 xiii.
644 1659 701 1694 vel
734 1659 809 1694 xiv.
837 1663 875 1694 et
901 1658 961 1693 hic
987 1658 1082 1692 liber
1110 1657 1274 1704 scriptus
1301 1668 1379 1693 esse
1402 1657 1565 1693 videtur.
1625 1657 1754 1695 Inter-

365 1729 572 1776 punctione
607 1739 694 1763 raro
723 1728 914 1763 sententiae
949 1727 1256 1774 distinguuntur3
1297 1725 1493 1761 literarum
1530 1728 1755 1774 compendia

363 1797 450 1832 satis
477 1797 703 1843 frequentia,
732 1797 853 1831 multo
881 1796 995 1843 magis
1023 1796 1061 1831 in
1093 1795 1255 1831 scholiis.
1314 1793 1518 1831 variorum
1549 1796 1753 1833 doctorum

363 1868 531 1902 virorum
551 1868 724 1902 manibus
745 1867 839 1902 liber
866 1870 1034 1902 versatus
1060 1869 1138 1909 est3
1170 1865 1256 1901 hinc
1277 1869 1316 1901 et
1341 1866 1473 1912 glossae
1494 1866 1631 1913 passim
1650 1867 1752 1902 inter

361 1938 476 1973 lineas
508 1949 683 1983 aspersae,
711 1941 749 1972 et
783 1937 821 1972 in
848 1937 1015 1983 margine
1040 1934 1226 1970 nonnulla
1251 1933 1454 1982 adscripta,
1489 1946 1571 1980 quae
1600 1935 1680 1971 fere
1705 1947 1752 1971 ex

361 2007 634 2042 recentioribus
651 2007 800 2042 scholiis
813 2010 995 2053 excerpta
1007 2016 1085 2040 esse
1099 2002 1339 2050 deprehendi.
1377 2001 1584 2050 Quotquot
1601 2004 1751 2050 quidem

361 2076 483 2111 adhuc
503 2077 588 2111 loca
607 2077 836 2122 comparavi,
857 2077 1037 2123 pleraque
1054 2075 1129 2111 vidi
1148 2074 1365 2120 conspirare
1393 2085 1478 2108 cum
1497 2073 1556 2109 ed.
1577 2074 1748 2119 Aldina;

361 2145 500 2180 codicis
519 2151 642 2180 autem
663 2143 822 2180 Palatini
843 2144 888 2182 C.
911 2146 1126 2180 varietatem
1155 2143 1234 2179 sere
1259 2143 1400 2189 ubique
1419 2143 1673 2189 deprehendi3
1704 2149 1750 2179 ut

358 2218 396 2249 et
414 2214 451 2248 in
471 2225 551 2249 eam
571 2214 820 2259 suspicionem
847 2214 1052 2259 inciderim,
1073 2215 1167 2249 sitne
1193 2217 1320 2248 noster
1348 2213 1406 2248 hic
1435 2212 1552 2247 codex
1579 2213 1641 2247 ille
1667 2213 1748 2259 ipse

359 2281 553 2319 Palatinus
571 2281 583 2317 ?
634 2281 779 2318 Verum
798 2283 933 2319 retinet
951 2296 1010 2319 me
1034 2296 1112 2320 non
1139 2289 1215 2318 tam
1235 2281 1459 2330 Schmidius‚
1481 2282 1545 2327 qui
1564 2293 1642 2317 esse
1660 2294 1746 2319 eum

399 2438 420 2455 ⁸
445 2437 517 2467 Esse
533 2438 617 2467 hunc
634 2438 665 2467 in
683 2438 808 2470 amissis,
825 2438 1003 2467 nuntiatum
1021 2437 1093 2467 mihi
1112 2444 1167 2469 est.

399 2521 414 2553 †
439 2521 494 2550 Est
509 2532 633 2561 quoque
651 2522 759 2552 Codex
776 2521 929 2551 recentior
946 2521 1164 2561 Olympiorum
1180 2531 1251 2550 cum
1268 2519 1370 2550 Schoi.
1387 2519 1420 2549 in
1436 2518 1628 2549 bibliotheca
1640 2518 1741 2550 Acad.

357 2578 441 2618 Lips.
467 2580 549 2618 quod
573 2590 611 2609 ex
629 2581 763 2610 Loesner.
784 2580 871 2620 praef.
888 2580 926 2609 ad
946 2579 1119 2608 Hesiodum
1141 2578 1247 2608 didici.
1295 2578 1399 2608 Alium
1416 2578 1578 2609 Cizensem
1593 2578 1685 2608 video
1701 2580 1742 2608 ab

356 2636 540 2666 Hermanno
572 2637 747 2677 inspectum
778 2648 855 2667 esse.
902 2637 1006 2667 Alium
1031 2637 1062 2666 iu
1090 2636 1280 2666 bibliotheca
1311 2636 1568 2677 Norimbergensi
1598 2642 1741 2666 notatum

355 2705 374 2724 a
387 2694 428 2727 V.
445 2694 481 2725 C.
502 2695 593 2724 Murr-
608 2695 849 2736 (Bcsclcreibung
867 2707 919 2725 υοη
935 2696 1107 2736 Nilrnberg,
1122 2705 1154 2735 p.
1173 2693 1244 2734 95.)
