1846 3121
390 108 454 154 18
937 105 1207 160 Praefatio.

383 273 520 311 spero,
539 259 649 299 nullo
679 260 858 312 graviore
882 265 1031 304 mendo
1063 264 1234 304 foedatus
1267 271 1327 303 est
1360 270 1493 316 poeta.
1551 261 1767 303 Traditum

384 338 469 369 erat
501 330 635 384 operis
658 334 866 386 exemplar
899 334 1165 388 Glasguense,
1191 335 1435 376 oxoniensis
1466 335 1763 389 apographum,

384 402 455 441 sed
482 403 682 444 correctio
716 405 896 446 adhibita
928 422 977 447 ex
1010 407 1100 462 ipso
1126 407 1375 457 Oxoniensi3
1407 415 1551 461 praeter
1581 407 1767 449 vitiosam

381 473 748 528 interpunctionem
770 479 994 532 sphalmata
1014 481 1170 521 sublata
1189 489 1281 521 sunt
1299 495 1381 520 non
1402 495 1531 534 pauca
1552 494 1679 534 eaque
1704 495 1768 521 sa-

383 546 432 587 tis
447 548 595 599 gravia.

441 620 724 673 Grammatici‚
750 623 932 678 inprimis
956 626 1234 677 Alexandrini,
1255 628 1368 667 fuere
1398 625 1495 667 olim
1527 625 1677 680 plures,
1697 626 1768 681 qui

384 691 606 734 Pindarum
626 694 884 736 illustrarunt.
933 697 1018 737 Alii
1037 699 1123 739 aliis
1143 699 1241 740 locis
1263 699 1411 753 passim
1431 698 1668 749 laudantur3
1697 699 1769 739 sed

382 778 599 809 occurrunt
628 771 758 811 adhuc
789 771 1016 823 Ammonii,
1038 772 1276 822 Aristarchi,
1296 771 1561 820 Aristodemi‚
1582 770 1651 826 qui
1681 771 1770 826 ejus

381 840 603 894 discipulus
642 843 731 893 fuit,
766 845 1014 895 Artemonis,
1053 845 1322 900 Asclepiades,
1363 844 1544 897 Didymi,
1582 843 1769 896 Dionysii

383 913 615 965 Phaselitae,
639 915 872 971 Chrysippi,
893 918 961 972 qui
981 918 1022 959 iu
1044 918 1204 959 Nemea
1225 927 1265 958 et
1285 917 1453 958 Isthmia
1473 923 1768 957 commentatus

381 985 549 1038 videtur,
570 988 733 1029 nomina
754 989 795 1029 in
817 991 1006 1041 Scholiis,
1027 1006 1115 1045 quae
1136 991 1382 1031 habemus&
1442 990 1545 1030 Sunt
1565 998 1699 1029 autem
1720 1003 1768 1028 ea

380 1058 480 1098 nihil
525 1060 632 1100 aliud
671 1077 791 1114 quam
832 1072 1115 1116 apospasmata
1154 1077 1203 1102 ex
1241 1062 1441 1101 veteribus
1480 1060 1768 1114 grammaticis,

380 1146 541 1184 aspersa
571 1133 717 1186 passim
748 1133 935 1173 codicum
967 1134 1228 1185 marginibus,
1250 1142 1289 1173 et
1309 1149 1382 1186 per
1401 1135 1655 1187 insequentes
1675 1142 1768 1174 aeta·

380 1215 439 1244 tes
469 1207 580 1245 novis
611 1207 782 1246 aliorum
813 1206 1032 1246 observatis
1063 1216 1103 1246 et
1123 1206 1364 1248 commentis
1384 1215 1514 1255 aucta,
1536 1215 1655 1260 atque
1675 1206 1766 1249 hinc

378 1277 539 1325 iterum,
553 1279 677 1318 modo
692 1293 786 1318 cum
801 1278 973 1328 delectu,
986 1279 1110 1319 modo
1125 1288 1245 1332 prout
1261 1279 1343 1318 fors
1357 1278 1554 1319 librariive
1567 1278 1769 1320 festinatio

378 1351 440 1390 vel
463 1350 672 1391 oscitantia
687 1352 855 1401 ferebat,
869 1351 908 1391 in
923 1366 1024 1392 nova
1039 1351 1283 1406 exemplaria
1300 1351 1404 1392 varie
1420 1352 1670 1404 transcripta.
1702 1351 1767 1392 Ex

377 1422 425 1462 iis
447 1423 759 1476 exemplaribus,
777 1439 864 1477 quae
886 1424 925 1464 in
949 1424 1138 1478 Calliergi
1155 1439 1294 1465 manus
1314 1434 1588 1478 pervenerant,
1607 1424 1767 1476 vulgata

379 1503 469 1534 sunt
501 1495 666 1535 Scholia
697 1510 783 1549 quae
814 1497 1023 1548 habemus,
1044 1504 1178 1538 vetera
1208 1499 1328 1548 dicta,
1351 1497 1496 1552 quibus
1517 1498 1642 1537 multa
1665 1511 1768 1551 prae·

379 1568 486 1608 clara
508 1569 728 1621 fragmenta
746 1578 925 1610 veterum
955 1571 1310 1624 grammaticorum
1340 1571 1457 1611 nobis
1487 1580 1641 1611 servata
1660 1580 1766 1621 sunt,

380 1654 467 1693 quae
489 1640 520 1680 si
539 1641 762 1694 periissent,
782 1643 908 1683 multa
937 1643 977 1683 in
1009 1643 1186 1684 Pindaro
1207 1659 1312 1685 nunc
1334 1646 1622 1696 ignoraremus.
1685 1643 1765 1684 Ni-

380 1711 436 1751 hil
457 1712 516 1752 his
549 1713 720 1754 Scholiis
752 1714 909 1755 aliunde
941 1716 1121 1768 accessit,
1143 1717 1217 1757 etsi
1238 1717 1409 1770 repetita
1429 1717 1590 1757 fuerunt
1611 1716 1651 1757 iu
1672 1718 1764 1760 edd.

379 1912 487 1951 Frisl.
518 1912 664 1963 szer,
697 1929 798 1953 nunc
829 1915 1072 1954 Cancellariae
1107 1916 1222 1965 Regis
1247 1916 1375 1954 Princ.
1408 1915 1529 1953 Elect.
1564 1917 1684 1956 nostri
1713 1917 1767 1954 rei

380 1983 547 2018 militaris
583 1996 603 2018 a
632 1986 796 2032 secretis,
828 1985 1069 2022 Hannoverae
1100 1987 1225 2033 floret,
1260 1988 1354 2024 alter
1386 1994 1509 2024 autem
1543 1985 1612 2023 J0.
1647 1986 1763 2038 Benj.

382 2048 529 2100 Koppe‚
550 2053 688 2100 ingenii
706 2055 742 2089 vi
761 2060 799 2090 et
817 2057 988 2091 acumine
1007 2057 1167 2103 pollenS,
1191 2062 1228 2092 et
1246 2057 1290 2092 ad
1313 2058 1564 2105 exsequenda,
1585 2069 1766 2104 quaecun-

380 2133 453 2166 que
474 2122 654 2167 praeclara
673 2128 711 2158 et
732 2125 833 2160 utilia
854 2126 930 2161 visa
949 2131 1072 2170 erant,
1092 2127 1227 2173 insigni
1248 2127 1383 2163 ardore
1401 2126 1667 2174 inflammatus,
1687 2140 1765 2164 me-

380 2190 443 2225 dio
473 2202 582 2225 cursu
614 2193 794 2238 abreptus
822 2199 889 2240 est,
911 2196 1162 2231 accensendus
1191 2196 1248 2241 iis,
1277 2197 1341 2242 qni
1369 2209 1433 2231 seu
1462 2201 1675 2242 temporum
1699 2210 1765 2234 seu

381 2273 505 2296 rerum
525 2273 587 2296 seu
608 2261 800 2298 hominnm
822 2264 912 2299 vitio
926 2264 1132 2313 ploravere
1151 2267 1230 2301 suis
1250 2277 1324 2299 non
1344 2264 1574 2313 respondere
1582 2264 1764 2311 favorem

379 2334 573 2378 speratum
603 2333 761 2367 meritis.
820 2331 935 2369 Certe
964 2334 1140 2378 quamdiu
1175 2334 1306 2370 melior
1340 2346 1532 2369 sacrorum
1561 2333 1764 2386 librorum,

379 2398 546 2444 inprimis
577 2398 629 2435 N.
651 2398 698 2435 F.
719 2401 1000 2447 interpretatio,
1021 2403 1056 2437 in
1079 2403 1188 2439 laude
1206 2403 1420 2450 habebitur,
1442 2404 1511 2439 viri
1530 2407 1764 2452 praestantis.

378 2468 459 2504 simi
479 2470 658 2506 memoria
676 2470 745 2505 erit
764 2471 910 2518 integra
928 2476 966 2507 et
985 2483 1071 2507 cara
1091 2472 1264 2518 posteris.

433 2588 458 2611 ξ
487 2585 696 2624 Pleniorem
726 2601 828 2624 nunc
857 2589 993 2625 horum
1014 2601 1207 2626 recensum
1227 2590 1406 2628 habemus
1425 2592 1463 2628 in
1483 2591 1667 2631 Biblioth.
1689 2592 1762 2632 Gr.

381 2654 728 2695 Fabricio-Harles.
750 2663 842 2694 tom.
863 2659 900 2694 ii.
924 2671 960 2705 p.
985 2660 1048 2694 65.
1069 2670 1124 2705 sq.
