1846 3121
668 86 940 139 Praefatio.
1427 98 1496 148 2²1

101 241 177 283 lice
210 241 440 296 proposuit,
471 240 675 295 idemque,
708 255 757 281 ex
792 254 874 294 quo
911 245 1096 293 tempore
1133 240 1346 284 nobiscum
1382 244 1494 295 vixit,

100 312 305 365 ingenium
345 329 461 354 suum
499 314 549 353 ad
589 327 678 352 eam
720 312 1009 352 humanitatem
1049 312 1166 353 finxit
1205 322 1246 355 et
1285 318 1499 370 expolivit,

99 399 221 439 quam
251 386 313 427 hae
342 386 480 436 literae,
510 401 607 440 quas
642 386 895 439 profitemur,
927 385 989 425 vel
1028 385 1193 426 nomine
1223 401 1296 427 suo
1327 402 1350 427 a
1378 390 1494 431 nobis

101 457 280 513 exigunt.
339 457 455 498 Idem
487 457 743 498 doctissimus
776 457 936 513 juvenis
972 458 1290 511 fragmentorum
1330 459 1496 503 Pindari

101 531 268 584 collegit
298 540 538 585 apparatum
558 531 680 583 longe
701 530 975 584 copiosiorem
995 545 1059 580 ΘΟ,
1082 546 1202 585 quem
1225 532 1382 585 primus
1403 541 1498 587 post

102 604 238 645 Mich.
262 604 304 644 N
310 606 502 645 eandrum
533 606 582 644 ad
612 605 768 644 calcem
789 602 1049 655 Aristologiae
1074 594 1299 643 Pindaricae
1322 604 1497 660 Stepha-

100 692 188 728 nus,
201 686 242 718 et
256 679 477 718 secundum
493 693 585 718 eum
601 676 833 717 Schmidius
849 691 941 717 cum
957 676 1260 716 Oxoniensibus
1274 678 1496 731 vulgarunt.

101 749 252 791 Indicis
276 750 441 790 Pindari
472 751 522 790 ad
552 759 704 790 certam
736 749 932 790 rationem
961 749 1200 791 conficiendi
1225 760 1381 804 partem
1405 753 1497 808 jam

101 823 274 865 absolvit
305 833 553 864 memoratus
586 839 707 878 supra
739 839 762 864 a
794 839 859 863 me
895 822 1095 878 Koppius,
1129 824 1404 866 ornatissimus
1427 827 1498 881 ju-

100 897 315 952 venis‚·qui
349 896 457 938 idem
478 898 703 940 versionem
730 897 918 938 Latinam
941 897 1090 951 passim
1112 898 1353 949 emendavit,
1375 915 1497 954 quam

105 986 154 1011 ex
189 970 414 1011 Oxoniensi
445 971 620 1012 editione
658 970 816 1012 Graecis
850 980 893 1010 ut
932 970 1225 1025 subjiceremus
1262 986 1312 1012 ex
1346 970 1498 1013 librarii

103 1043 274 1084 utilitate
296 1044 383 1084 fieri
398 1044 526 1085 visum
550 1053 609 1085 est
625 1044 665 1085 ᾖ.
728 1044 815 1085 Ser.
837 1059 899 1084 an.
922 1048 990 1088 73.

361 1135 389 1160 se
648 1134 674 1160 se
936 1135 962 1161 ss
1222 1137 1250 1163 >xe

163 1189 389 1231 Pindaricae
422 1189 606 1231 lectionis
638 1192 769 1233 fontes
794 1197 834 1230 et
865 1190 1012 1231 rivulos
1045 1193 1167 1245 paulo
1192 1202 1283 1233 ante
1314 1194 1498 1249 exposui.

105 1263 229 1309 Quod
250 1278 344 1303 vero
364 1263 570 1317 pollicitus
592 1279 694 1312 sum,
718 1278 782 1303 me
803 1264 1038 1316 appendicis
1069 1279 1138 1305 seu
1169 1266 1372 1307 corollarii
1403 1268 1497 1309 loeo

104 1343 235 1375 totum
256 1344 494 1388 apparatum
519 1335 796 1384 Pindaricum,
817 1350 898 1388 quo
920 1335 1137 1377 instructus
1157 1338 1426 1380 narrationem
1449 1340 1498 1381 il-

103 1407 182 1447 lam
204 1407 410 1448 instituere
431 1407 560 1461 potui‚
582 1407 860 1462 subjecturum
882 1422 993 1447 esse:
1026 1407 1065 1448 id
1096 1424 1200 1449 nunc
1225 1418 1269 1450 ut
1293 1413 1495 1454 exsolvam

102 1494 267 1520 necesse
295 1489 369 1521 est.
429 1480 528 1521 Feci
555 1480 634 1520 hoc
668 1479 775 1520 idem
805 1479 846 1519 in
875 1479 1047 1520 Tibullo
1078 1489 1118 1521 et
1138 1481 1335 1535 Virgilio:
1365 1499 1497 1540 neque

103 1552 210 1593 enim
232 1553 345 1594 aliter
365 1561 406 1595 et
433 1553 666 1602 criticorum
699 1551 906 1594 desideriis
929 1561 969 1593 et
989 1568 1084 1593 vero
1104 1553 1226 1594 etiam
1252 1563 1313 1596 tot
1332 1555 1420 1597 aliis
1440 1557 1498 1599 rei

102 1624 287 1666 literariae
319 1625 574 1676 utilitatibus,
603 1641 701 1680 quas
733 1641 814 1680 prae
846 1626 962 1667 unius
994 1626 1052 1667 rei
1084 1627 1234 1669 criticae
1263 1630 1398 1671 studio
1430 1639 1499 1671 aut

102 1698 305 1752 negligere
336 1708 404 1740 aut
433 1708 692 1740 contemnere
713 1700 814 1740 velle
844 1709 960 1754 turpe
980 1709 1054 1751 est,
1074 1701 1230 1746 consuli
1251 1717 1372 1756 posse
1392 1704 1499 1745 arbi-

104 1781 201 1813 tror.
264 1772 472 1813 Lectionis
504 1773 626 1824 enim,
647 1789 718 1814 seu
749 1782 881 1813 textus
899 1773 1063 1826 vulgati,
1084 1789 1206 1828 quem
1237 1785 1395 1827 vocant,
1424 1778 1497 1819 ali-

103 1847 219 1902 cujus
240 1847 428 1898 auctoris,
447 1847 621 1901 origines
642 1858 682 1889 et
711 1863 850 1889 causas
880 1861 1000 1887 nemo
1030 1847 1149 1887 facile
1180 1847 1253 1889 rite
1273 1848 1497 1903 investiget,

103 1920 173 1975 qui
193 1936 274 1961 non
305 1921 527 1962 editionum
558 1931 648 1963 ante
679 1921 814 1962 omnia
845 1920 1076 1973 diligentem
1098 1936 1322 1972 recensum,
1344 1938 1500 1977 operae-

104 2009 184 2048 que
205 1993 245 2034 in
267 2009 317 2034 eo
347 1994 559 2048 scriptore,
581 1994 899 2044 transcribendo,
921 1994 1141 2045 vulgando,
1165 1996 1420 2036 emendando
1441 1998 1503 2038 vel

105 2069 420 2122 corrumpendo,
453 2067 636 2121 inprimis
666 2085 688 2109 a
721 2067 867 2107 renatis
898 2066 990 2106 inde
1025 2066 1165 2118 literis,
1192 2068 1404 2110 collocatae
1430 2086 1504 2112 no-

106 2139 234 2181 titiam
256 2149 441 2181 accurate
463 2141 711 2181 elaboratam
734 2143 774 2182 in
795 2141 980 2182 manibus
1001 2143 1161 2183 habeat.

162 2215 386 2268 Apponam
408 2214 555 2269 itaque,
570 2215 732 2270 judicio
755 2231 863 2265 meo,
879 2215 1037 2270 quoties
1058 2231 1161 2270 opus
1182 2232 1269 2258 esse
1289 2217 1503 2272 videbitur,

107 2286 363 2340 interposito,
394 2286 617 2327 editionum
649 2303 859 2328 recensum
890 2288 1143 2343 aliorumque
1172 2290 1404 2332 libellorum
1430 2307 1504 2333 no-

107 2359 230 2409 titias,
248 2359 317 2414 qui
346 2360 395 2399 ad
426 2359 647 2400 Pindarum
681 2361 939 2416 studiumque
966 2360 1007 2401 in
1038 2376 1088 2402 eo
1118 2362 1354 2404 illustrando
1375 2364 1505 2405 collo-

109 2433 282 2474 candum
314 2432 449 2486 aliquo
479 2434 604 2473 modo
636 2441 820 2487 spectare
851 2442 1033 2487 possunt.
1092 2433 1156 2475 Ita
1176 2444 1218 2476 et
1237 2451 1378 2477 eorum
1399 2437 1504 2479 desi-

163 2582 188 2607 *
217 2580 312 2624 Quae
332 2584 559 2628 sequuntur,
581 2582 794 2630 perscripta
821 2585 910 2619 sunt
937 2585 976 2619 et
1002 2581 1156 2630 adjecta
1182 2581 1507 2633 Interpretationi

112 2646 266 2687 Latinoe
286 2662 349 2687 an.
370 2651 434 2687 74.
454 2651 604 2688 emissae.
