1846 3121
586 123 859 175 Praefatio.
1383 131 1456 186 39

71 283 210 322 tradita
227 284 469 329 expectamus
488 291 511 316 a
529 278 717 316 Michaele
743 275 876 313 Casiri.
910 272 1081 322 (Codicis
1112 274 1297 314 Biblioth.
1328 278 1459 327 Regias

73 351 308 389 Matritensis
326 350 615 397 descriptionem
635 347 738 383 dedit
756 346 908 391 Iriarte,
930 357 970 392 p.
991 346 1085 381 445.
1103 346 1211 391 sqq.)

125 418 288 457 Codices
308 418 532 455 Bodleianos
550 418 719 464 quinque
744 415 848 462 apud
875 412 1112 450 Oxonienses
1129 414 1209 462 jam
1229 426 1347 462 supra
1366 428 1460 452 enu.

68 489 227 525 meravi.
284 487 323 524 N
328 499 402 523 unc
422 487 494 522 hoc
522 498 640 522 unum
669 485 818 532 addam,
841 483 1020 521 Codicem
1039 486 1088 521 ab
1107 483 1391 522 Oxoniensibus
1411 486 1458 524 C.

74 560 139 595 71.
163 555 246 593 MS.
268 558 470 605 signatum,
492 567 569 592 una
588 566 673 590 cum
703 554 833 591 codice
857 572 893 598 α,
914 553 1021 592 Guil.
1045 542 1167 592 flaudi
1187 569 1343 594 munere
1362 558 1461 594 inter

71 638 163 674 opes
184 625 407 662 Bodleianas
425 625 571 660 illatum
594 636 683 660 esse.
735 623 880 661 Praeter
908 625 976 661 hos
997 625 1145 662 codices
1169 625 1249 674 jam
1265 638 1461 677 excussos,

69 697 186 732 habet
217 696 445 732 bibliotheca
473 693 634 741 Collegii
661 693 699 730 S.
723 692 937 730 Emanuelis
957 693 1210 743 Cantabrigiae
1232 695 1388 732 Pindari
1415 697 1461 732 li.

74 769 183 803 brum
204 767 401 814 scriptum,
424 765 489 812 qui
517 777 540 800 a
559 764 707 813 Pythiis
727 764 860 811 incipit
877 775 886 798 ε
918 768 955 799 ct
975 762 1144 800 Ecclesia
1159 763 1462 802 Westmonaste.

72 837 203 873 riensis
220 837 349 882 alium,
371 836 436 881 qui
456 833 652 884 Olympia,
674 833 825 882 Pythia,
845 837 883 868 et
904 832 1049 870 Nemea
1067 834 1368 881 comprehendit.
1410 833 1463 871 E.

75 906 164 941 tiam
184 904 338 942 Pindari
357 904 582 952 particulam
603 914 686 939 cum
708 904 857 939 scholiis
877 904 1044 950 possedit
1062 904 1150 939 olim
1170 903 1272 940 Tho.
1295 903 1408 941 Gale.

132 974 239 1011 Inter
259 973 310 1010 Is.
331 972 459 1010 Vossii
487 973 620 1020 librOS,
643 978 718 1009 tres
746 973 911 1020 scriptos
938 973 1087 1009 codices
1106 971 1262 1009 Pindari
1279 976 1391 1009 nacta
1410 977 1467 1010 est

79 1043 313 1080 bibliotheca
328 1041 532 1088 Leidensis,
550 1055 667 1078 unum
688 1042 974 1090 bombycinum,
993 1041 1175 1090 Olympia
1192 1055 1278 1078 cum
1298 1042 1464 1090 scholiis,

77 1112 156 1148 duo
178 1112 343 1158 reliquos
369 1112 602 1157 chartaceos,
625 1113 786 1147 alterum
812 1109 1008 1160 Olympia,
1029 1112 1190 1147 alterum
1217 1110 1355 1160 Pythia
1380 1123 1467 1148 cum

78 1181 208 1217 iisdem
235 1182 481 1227 complexos:
513 1192 654 1225 omneS,
678 1187 862 1226 quantum
892 1181 1042 1226 quidem
1071 1182 1256 1229 intelligo,
1276 1182 1466 1218 recentio-

80 1262 162 1293 res;
193 1261 268 1296 qua
296 1250 342 1285 de
371 1262 410 1286 re
439 1255 563 1285 tamen
593 1250 679 1284 viris
707 1250 744 1284 in
775 1249 891 1285 literis
920 1248 1066 1286 Graecis
1096 1250 1348 1297 principibus,
1372 1249 1467 1288 Val—

78 1320 241 1356 kenario
266 1325 303 1355 et
328 1318 579 1365 Ruhnkenio,
609 1319 732 1353 nostri
765 1320 1040 1367 amantissimis,
1070 1319 1258 1367 judicium
1286 1320 1468 1367 relinqui.

78 1400 174 1425 mus.

134 1456 373 1493 Bibliotheca
402 1453 525 1504 Regia
551 1457 677 1504 (nunc
709 1455 825 1504 Reip.
861 1454 894 1491 F
898 1457 1027 1503 rane.)
1063 1455 1281 1495 Pax-islensis
1313 1458 1470 1497 Pindari

76 1528 228 1564 codices
256 1526 370 1562 habet
395 1525 444 1562 ad
473 1526 674 1562 tredecim:
706 1531 750 1562 ut
767 1526 904 1562 mirum
923 1526 985 1573 sit,
1006 1538 1076 1562 nec
1097 1524 1378 1564 Chabanonum
1399 1541 1469 1567 nec

82 1594 360 1633 Vauviuerium
398 1595 444 1631 de
480 1595 716 1642 inspiciendo
752 1595 852 1631 libro
889 1595 1035 1643 scripto
1074 1596 1270 1644 cogitasse.
1329 1596 1470 1635 Omnes

83 1670 174 1701 sunt
211 1668 378 1701 recentes
417 1665 522 1710 satis,
558 1665 736 1700 nonnulli
767 1665 1024 1701 recentissimi.
1082 1664 1257 1713 Plerique
1287 1666 1473 1718 Olympia

87 1739 254 1779 tantum,
276 1734 339 1770 alii
363 1734 491 1770 eadem
517 1745 603 1769 cum
629 1732 854 1783 Pythiorum
887 1739 1009 1782 parte,
1042 1735 1105 1771 alii
1138 1735 1278 1785 Pythia
1311 1742 1349 1775 et
1388 1738 1470 1776 Ne-

81 1816 181 1850 mea,
208 1808 334 1840 totum
356 1802 560 1840 Pindarum
580 1808 655 1840 tres
673 1809 820 1840 tautum
837 1803 1037 1850 exhibent,
1059 1817 1157 1842 unus
1178 1806 1269 1843 Saec.
1292 1819 1354 1845 xv.
1377 1810 1473 1847 alter

81 1874 160 1910 xvi,
184 1874 318 1909 tertius
340 1874 592 1922 bombycinus
620 1874 667 1910 ad
693 1873 786 1911 Saec.
808 1873 886 1909 xiii.
908 1877 1080 1920 spectare
1098 1874 1237 1923 fertur,
1259 1888 1343 1912 cum
1363 1877 1473 1914 scho-

80 1944 140 1979 iiis
158 1943 198 1978 in
218 1943 386 1990 margine
403 1946 441 1979 et
457 1943 588 1990 glossis
607 1944 707 1979 inter
728 1944 846 1979 lineas
862 1955 873 1988 3
904 1955 1003 1978 unus
1023 1944 1086 1978 ille
1103 1944 1204 1980 inter
1224 1957 1352 1982 omnes
1373 1952 1472 1984 cete·

83 2024 162 2057 ros,
182 2024 295 2058 quem
323 2012 536 2059 inspectum
563 2024 586 2048 a
610 2014 696 2049 viro
723 2013 840 2050 docto
866 2017 904 2049 et
925 2018 1186 2060 comparatum
1208 2026 1292 2051 cum
1311 2017 1474 2065 vulgatis

84 2093 164 2117 esse
183 2081 306 2117 velim.
364 2078 439 2117 Est
452 2082 482 2117 is
503 2093 542 2117 n.
563 2084 683 2119 2403.
705 2081 945 2119 cleomedem
971 2079 1046 2118 Gr.
1066 2083 1216 2130 aliaque
1239 2085 1382 2122 habens
1406 2099 1475 2124 eo-

85 2149 168 2185 dem
189 2149 382 2186 volumine
400 2149 685 2196 comprehensa.

140 2218 189 2255 In
211 2216 418 2255 Germania
446 2220 596 2256 tandem
624 2218 931 2258 vindobonensis
958 2223 1190 2261 bibliotheca
1218 2225 1366 2262 codices
1386 2225 1476 2262 Pin.

84 2288 168 2324 dari
186 2287 317 2323 saltem
339 2292 533 2334 quatuor:
565 2287 835 2338 Olympiorum
856 2291 980 2339 binos,
1001 2293 1162 2328 alterum
1179 2306 1267 2330 cum
1297 2295 1473 2339 scholii83

89 2363 127 2392 et
157 2357 234 2391 duo
262 2357 369 2403 alios,
399 2358 464 2403 qui
492 2359 619 2393 omnia
651 2357 804 2395 Pindari
831 2361 997 2396 carmina
1028 2363 1206 2399 exhibere
1242 2368 1476 2400 narrantur:

91 2424 254 2472 (Omnes
282 2430 372 2461 sunt
400 2427 642 2474 recentiores,
672 2435 858 2474 quantum
887 2442 932 2466 ex
960 2430 1122 2468 Nesselii
1147 2433 1282 2469 notitia
1302 2434 1476 2472 biblioth.

91 2493 261 2532 Vindob.
277 2496 423 2542 assequi
442 2496 564 2543 licet).
605 2498 781 2545 Augusta
807 2505 933 2535 autem
960 2499 1247 2540 Vindelicorum
1276 2504 1314 2538 in
1343 2504 1479 2540 biblio-

87 2563 208 2606 ‚thecae
239 2565 400 2612 publicae
429 2566 564 2614 pluteis
589 2572 714 2604 servat
745 2570 892 2606 codices
919 2575 1084 2617 quatuor
1113 2583 1135 2607 a
1156 2570 1329 2618 Reisem,
1352 2586 1390 2621 p.
1413 2577 1477 2610 78.

92 2635 159 2671 81.
179 2636 242 2671 83.
265 2633 304 2669 in
325 2633 494 2671 Indicem
515 2636 667 2673 relatos.
726 2637 774 2674 In
805 2639 926 2687 primo
948 2639 1209 2679 Demosthenis
1230 2641 1479 2680 Orat-ionibus

95 2703 290 2740 nonnullis
310 2705 493 2753 subjectae
515 2709 603 2742 sunt
623 2704 667 2742 P.
691 2705 785 2745 Odae
815 2709 975 2754 aliquot.
1018 2708 1081 2747 Cf.
1103 2709 1301 2748 Raeiskium
1322 2713 1359 2748 in
1381 2725 1480 2761 prae·
