1846 3121
363 128 427 175 12
913 122 1181 174 Praefatio.

356 291 504 327 veram,
524 291 611 331 quae
632 285 765 318 tamen
785 277 871 318 aliis
900 286 945 318 ut
972 277 1213 332 perficerent
1240 273 1501 328 relinquenda
1526 287 1612 321 esse
1631 271 1742 313 vide-

357 350 478 399 bam,
508 358 690 390 curatum
720 365 743 390 a
763 365 829 390 me
858 358 932 400 est,
953 359 997 390 ut
1025 351 1075 390 ad
1105 347 1295 389 ulteriora
1322 344 1581 400 pergentibus
1610 345 1672 386 via
1693 344 1742 386 sit

356 422 594 475 expeditior,
609 423 867 464 Scholiorum
889 437 1050 477 quoque
1065 436 1140 461 usu
1159 434 1263 460 nuuc
1286 434 1307 458 a
1321 417 1457 458 inultis
1472 416 1742 470 impedimen-

356 494 405 534 tis
435 494 629 546 liberat03
658 496 983 551 quandoquidem
1013 493 1214 541 existimo,
1243 490 1454 531 hominum
1483 488 1633 529 ordinis
1661 488 1742 529 mei

356 568 515 607 laudem
536 568 708 622 aliquam
732 583 817 608 esse
839 568 938 607 hanc
960 581 1136 620 quoque,
1159 564 1206 615 si,
1225 578 1307 618 quo
1337 562 1414 617 ipsi
1436 561 1642 615 pervenire
1671 576 1741 601 ne-

356 650 518 694 queant,
540 656 589 681 eo
613 650 656 681 ut
675 641 741 680 alii
763 639 968 694 pervenire
990 639 1158 692 possint,
1180 635 1402 678 effecerint.

414 712 568 766 Scripsi
598 715 672 754 sub
704 713 794 753 anni
824 711 956 753 xcviii.
977 711 1154 762 exordia,
1177 709 1328 750 utinam
1355 707 1472 749 bonis
1493 706 1616 748 literis
1636 708 1739 748 bene

355 786 558 840 auspicata
571 788 579 829 Ξ

468 1016 609 1057 Restat
638 1032 756 1066 nunc,
787 1025 831 1057 ut
860 1032 882 1057 e
913 1016 1046 1070 priore
1076 1015 1251 1056 editione
1282 1021 1462 1068 repetam
1492 1027 1552 1063 ea,
1574 1026 1661 1067 quae
1691 1010 1740 1052 de

355 1088 591 1129 Pindaricae
612 1088 791 1129 lectionis
805 1088 1002 1144 fontibus
1029 1095 1067 1128 et
1097 1087 1238 1128 rivulis
1265 1087 1451 1140 apposita
1482 1096 1616 1136 erant3
1647 1100 1739 1139 per-

352 1161 500 1215 scripta
520 1176 582 1200 an.
604 1160 726 1200 lxxiii.
758 1160 924 1214 adjectis
951 1175 976 1198 e
1007 1159 1146 1199 seriori
1166 1169 1351 1212 ternpore
1373 1159 1605 1213 potioribus
1630 1158 1737 1199 viro-

352 1248 439 1273 rum
460 1233 666 1272 doctorum
686 1231 828 1271 studiis
848 1231 889 1270 in
912 1229 1103 1270 Pindaro
1121 1229 1346 1270 collocatis.

828 1318 855 1344 ae
1028 1320 1055 1345 *ε
1228 1320 1254 1346 =n=

408 1378 572 1418 Fundus
612 1375 836 1417 Pindaricae
876 1375 1058 1416 lectionis
1090 1377 1258 1429 vulgatae
1295 1377 1479 1418 habenda
1517 1386 1577 1418 est
1611 1376 1735 1417 editio

353 1451 560 1500 Romana,
582 1449 783 1490 Zachariae
806 1448 998 1502 Calliergi
1030 1448 1234 1490 Cretensis
1266 1465 1392 1504 opera
1420 1451 1644 1502 emendata,
1666 1450 1734 1504 qui

344 1530 438 1577 post
460 1522 614 1563 Aldum
636 1522 735 1562 alios
767 1536 916 1575 eosque
948 1522 1240 1562 emendatiores
1261 1522 1423 1563 codices
1444 1523 1629 1573 contulit,
1649 1538 1735 1563 me-

351 1595 440 1635 trici
481 1611 639 1650 qnoque
679 1604 719 1635 et
753 1594 1000 1635 scholiorum
1034 1594 1229 1635 rationem
1265 1594 1418 1635 habuit.
1483 1594 1735 1651 Calliergum

350 1668 534 1721 neglecto
556 1669 637 1708 fere
657 1668 766 1708 Aldo
787 1676 965 1722 sequutae
986 1675 1076 1707 sunt
1097 1668 1188 1708 edd.
1215 1676 1449 1722 sequentes:
1488 1666 1734 1708 Cratandri-

351 1757 418 1791 na,
443 1739 753 1791 Brnbachiana,
777 1741 1048 1791 BIorelliana,
1071 1739 1385 1795 Steplmnia‚nae;
1415 1739 1488 1781 etsi
1510 1740 1550 1780 in
1570 1754 1647 1780 una
1677 1739 1734 1780 al-

351 1824 512 1869 teraque
534 1815 722 1865 editione,
741 1815 918 1855 virorum
950 1816 1163 1855 doctorum
1196 1829 1334 1867 opera,
1364 1814 1554 1854 nonnulla
1584 1813 1733 1866 passim

349 1889 570 1937 emendata,
590 1889 728 1928 saltem
754 1887 959 1928 immutata
983 1887 1073 1927 sint.
1114 1886 1244 1927 Fuere
1265 1896 1398 1927 autem
1418 1887 1468 1926 ad
1488 1901 1628 1927 manus
1649 1887 1734 1926 edi-

350 1959 476 2000 tiones
509 1960 672 2001 Pindari
704 1962 786 2001 fere
813 1976 980 2011 omnes3
1011 1961 1152 2001 saltem
1181 1975 1252 2010 eae,
1283 1975 1370 2014 quae
1400 1959 1583 2000 criticum
1615 1974 1731 1999 usum

348 2041 604 2086 praestarent3
634 2048 759 2087 eaque
781 2034 1074 2088 opportunitas,
1094 2048 1181 2088 quae
1201 2032 1458 2073 bibliothecae
1479 2041 1622 2072 nostrae
1643 2046 1734 2072 aca-

350 2105 515 2145 demicae
536 2107 718 2156 debetur,
739 2121 818 2146 non
840 2107 949 2161 parvi
980 2107 1030 2147 ad
1060 2105 1237 2146 animum
1258 2119 1395 2145 meum
1415 2114 1499 2145 erat
1519 2103 1731 2153 momenti,

350 2187 393 2218 ut
411 2177 592 2218 laborem
614 2179 718 2219 hunc
740 2180 1001 2233 susciperem.

408 2250 781 2305 Stephanianarum
802 2261 934 2293 autem
955 2252 1177 2293 editionum
1196 2249 1490 2304 discrepantem
1513 2248 1731 2289 lectionem

348 2311 691 2377 deprehenderam
711 2324 847 2365 multis
869 2325 909 2365 in
929 2325 1042 2376 locis,
1063 2326 1191 2365 donec
1222 2323 1320 2364 illud
1347 2323 1661 2363 animadvertere
1683 2322 1731 2362 li-

349 2396 457 2438 cuit:
489 2395 660 2436 alteram
683 2411 745 2436 an.
773 2398 892 2439 1566.
913 2413 1080 2448 novum,
1097 2398 1167 2437 sed
1187 2397 1293 2437 haud
1315 2396 1435 2450 paulo
1456 2393 1729 2444 audaciorem,

348 2478 508 2509 nactum
529 2483 614 2509 esse
634 2478 919 2520 correctorem,
941 2480 981 2511 et
1001 2473 1051 2511 ad
1077 2471 1179 2511 hanc
1207 2469 1387 2519 alteram,
1418 2468 1555 2508 relicta
1579 2467 1728 2521 priore,

348 2557 435 2596 quae
457 2551 589 2581 tamen
619 2541 789 2581 multum
821 2551 994 2595 praestat,
1015 2553 1192 2584 exaratas
1223 2559 1309 2584 esse
1339 2542 1534 2583 editiones
1555 2541 1727 2594 Stepha-

346 2615 479 2655 nianas
509 2623 719 2668 sequentes
749 2629 902 2664 omnes,
933 2614 1052 2655 etiam
1088 2617 1205 2657 Pauli
1227 2615 1423 2670 Stephani
1445 2614 1727 2656 Genevensem

351 2696 471 2737 1599.
492 2695 533 2732 4.
591 2690 651 2729 At
683 2687 1004 2743 &ephanianam
1028 2689 1207 2743 priorem
1239 2689 1450 2743 repetitam
1481 2686 1658 2731 inteflexi
1689 2687 1728 2726 in
