1846 3121
563 396 966 453 ΟΛὙΜΠΙΑ.

674 586 799 644 Εῖδος
823 582 889 636 ιδ’.

201 756 672 835 ΑΣΩΠΙΧΩ
734 760 1363 843 ΟΡΧΟΜΕΝΙΩ,

601 965 742 996 ΠΑΙΔΙ
771 964 972 996 ΣΤΑΔΙΕΙ.

567 1301 992 1340 ARGUMENTUM.

88 1369 521 1428 INVOCANTUR
561 1385 728 1435 Gratiae,
758 1385 1003 1439 interpositis
1032 1402 1167 1428 earum
1200 1364 1398 1440 laudibus,
1428 1398 1473 1430 ut

94 1443 301 1491 victorem,
322 1443 390 1496 qui
412 1441 712 1484 Orchomenius
740 1454 837 1491 erat,
868 1442 1047 1496 propitio
1076 1444 1240 1484 numine
1269 1447 1472 1500 excipiant

88 1505 216 1541 —28.
273 1498 384 1540 Tum
405 1497 646 1540 memoratio
665 1498 712 1538 fit
731 1497 855 1551 patris
866 1498 955 1553 jam
975 1498 1054 1538 vita
1074 1499 1266 1541 defuncti.

619 1635 660 1667 Σ.
680 1630 727 1667 α’.
785 1636 828 1666 K.
847 1629 899 1667 ιη’.

231 1714 574 1773 ΚΑΦΙΣΙΩΝ
599 1721 757 1774 ὑδάτων
784 1722 950 1785 λαχοῖ-

305 1818 384 1846 ο-αι
401 1796 466 1846 ἀἶ’
482 1818 525 1846 τε
553 1797 685 1846 ναίετε
712 1797 1010 1845 καλλίπωλον
1035 1790 1074 1841 ἕ-

139 1949 264 1986 Etiam
282 1951 397 1999 hujus
425 1949 519 1988 011ae
548 1949 746 1997 inscriptio
773 1959 796 1984 a
822 1945 1071 1995 grammaticis
1088 1945 1192 1982 varie
1219 1945 1381 1985 exarata*
1398 1952 1467 1988 est.

87 2001 183 2040 Post
200 2001 301 2038 ωαιδὶ
319 2004 492 2039 inserunt
511 2000 700 2050 Κλεοδάμου
729 2001 812 2037 edd.
843 2001 930 2035 inde
947 2012 970 2035 a
993 1998 1182 2046 Romana,
1203 2001 1306 2046 quod
1326 2001 1469 2040 Schmi-

87 2055 171 2091 dius
190 2055 325 2091 omisit.
366 2056 487 2091 Aldus
507 2067 592 2090 cum
611 2053 696 2090 MS.
718 2053 829 2090 Bodl.
851 2057 1032 2099 praeterea
1049 2051 1238 2099 adjectum
1258 2053 1396 2091 habet:
1424 2072 1468 2092 m-

86 2108 220 2143 κτῖσαντι
237 2107 291 2142 τνῖν
308 2107 353 2157 οζ
369 2104 600 2156 Ὀλυμπιάδα,
619 2118 666 2141 ex
683 2105 851 2153 scholio,
866 2106 904 2141 in
924 2117 1003 2151 quo
1022 2109 1146 2141 tamen
1165 2104 1213 2144 οῖ’
1231 2107 1382 2154 legitur.
1420 2107 1470 2144 In

87 2158 245 2207 Olymp.
271 2159 341 2195 hac
371 2159 488 2195 lxxvi.
516 2159 697 2194 victorem
725 2159 845 2194 stadio
874 2158 986 2194 fuisse
1014 2156 1282 2196 Scamandrum
1310 2158 1470 2209 Mityle-

86 2224 211 2248 naeum
231 2223 277 2247 ex
297 2211 500 2256 Africano,
522 2211 692 2247 Diodoro
720 2215 759 2246 et
786 2210 971 2259 Dionysio
998 2211 1086 2246 satis
1114 2215 1275 2248 constat.
1332 2211 1470 2259 Itaque

88 2276 296 2312 puerorum
326 2266 446 2300 stadio
466 2264 701 2311 Asopichum
730 2264 872 2310 vicisse,
895 2267 996 2299 recte
1015 2268 1242 2299 censuerunt
1259 2263 1331 2300 viri
1349 2265 1468 2314 docti,

87 2318 156 2354 etsi
177 2328 223 2353 ex
242 2330 278 2352 v.
302 2320 364 2353 32.
386 2330 454 2365 per
473 2329 511 2353 se
530 2317 738 2352 necessario
765 2317 801 2351 id
820 2316 903 2363 cogi
928 2328 1005 2352 non
1028 2320 1164 2363 potest.
1222 2315 1322 2353 Casu
1342 2317 1470 2364 itaque

88 2368 201 2413 ωαιδὶ,
222 2370 325 2416 quod
344 2371 436 2406 vitio
463 2370 502 2405 in
522 2369 726 2417 epigraphe
744 2369 917 2405 relictum
935 2369 1023 2416 suit,
1043 2369 1102 2404 hic
1120 2369 1246 2404 locum
1265 2380 1371 2405 suum
1391 2383 1469 2407 me·

88 2422 162 2458 rito
180 2426 322 2460 tuetur.
380 2422 547 2459 Primum
565 2426 691 2458 autem
711 2433 916 2469 puerorum
937 2433 1067 2457 cursus
1093 2425 1132 2457 et
1148 2422 1259 2458 luctae
1280 2426 1468 2460 certamen

87 2475 300 2513 institutum
318 2475 384 2513 01.
403 2476 546 2512 xxxvii.
578 2473 740 2511 Pausan.
755 2487 791 2511 v.
816 2477 852 2511 8.
874 2487 912 2522 p.
936 2476 1026 2510 394.
1042 2478 1120 2511 ext.

147 2613 184 2646 1.
213 2589 294 2646 biis
320 2611 452 2658 patriis
477 2610 618 2657 ubique
643 2622 746 2647 com·
821 2609 1005 2646 chomenii
1024 2608 1284 2656 aprimisinde
1296 2609 1468 2647 aetatibus

90 2662 240 2697 mendat
267 2668 382 2709 poeta
405 2665 590 2709 victores3
619 2664 748 2710 itaque
822 2663 974 2699 coluere
991 2674 1002 2707 3
1024 2663 1128 2709 quod
1142 2663 1230 2702 satis
1243 2666 1391 2700 constat
1409 2663 1468 2700 vel

94 2711 388 2752 Orchomenium
398 2715 554 2759 Gratiis,
564 2728 657 2764 quas
669 2715 746 2753 Or·
821 2728 842 2752 e
861 2715 1059 2753 Pausania.
