1846 3121
360 162 469 214 424·

498 304 648 372 Κρονῖὃ
674 300 775 373 πάξ
797 302 965 372 τεμένει,

929 161 1159 218 Nemeen

497 377 605 433 Παῖ,
634 374 681 425 σέ
706 378 741 424 τ’
768 375 962 444 ἐνόσφισε
986 377 1176 446 Τιμῖδαν

497 451 673 517 Κλᾶρος
698 448 923 516 προπετῆς
948 449 1017 500 οἴν-

570 520 639 570 &5'
663 520 984 591 Ὀλυμπιάδος.

569 738 710 805 0-χῦος
735 743 918 806 ἁνίοχον.

1065 524 1253 589 Δελφῖνί
1279 544 1351 572 κεν

496 591 654 658 Τοὲχος
677 595 717 644 δι’
736 595 894 665 ἅλμας
919 595 1006 644 ἴσον
1028 594 1157 645 εἴποι-

565 691 617 737 μι
643 669 890 729 λῙεληο-ίαν,
918 669 1058 737 χερῶν
1083 691 1126 718 τε
1149 670 1226 717 καὶ
1247 667 1278 716 ι’-

1644 688 1660 721 1
1673 656 1732 722 1'02

355 868 442 902 106.
471 871 554 908 war,
573 864 611 902 σε’
628 867 657 901 τ’
675 867 808 903 diserte
826 865 940 904 Rom.
989 873 1072 909 «παῖ,
1088 867 1121 902 σ’
1138 866 1180 903 ἔτ’
1200 865 1341 913 Aldus,
1357 866 1455 901 unde
1475 864 1578 901 Crat.
1600 863 1718 900 Brub.

349 918 512 955 waTS'E'r’
529 919 674 956 reduxit
701 920 911 957 Romanam
938 920 1134 955 lectionem
1163 918 1315 955 Morell.
1346 917 1472 965 Steph-

1531 916 1630 953 Mox
1649 929 1718 952 an-

348 983 425 1006 non
445 974 514 1019 leg.
535 971 572 1007 σέ
589 973 632 1018 τ’,
653 973 803 1016 ἐνόσφισε,
820 970 943 1019 Τιμίδα
960 971 973 1006 ?
1009 970 1126 1007 Nunc
1146 976 1183 1006 et
1202 971 1446 1017 Mingarellus
1464 971 1569 1006 idem
1579 971 1718 1016 proba-

348 1026 415 1061 vit.

347 1078 536 1113 Alcimida
555 1089 621 1123 per
639 1080 774 1112 sortem
793 1076 960 1111 exclusus
981 1076 1084 1110 lucta
1101 1074 1139 1108 in
1168 1075 1366 1111 certamine
1384 1074 1600 1124 Olympico.

470 1024 633 1061 Timidas
667 1025 760 1060 alius
791 1036 855 1059 seu
884 1026 1082 1069 cognatus,
1113 1035 1159 1057 an
1188 1023 1317 1065 frater,
1350 1035 1412 1058 seu
1444 1024 1606 1070 tribulis,
1636 1035 1719 1059 cum

1653 1075 1718 1112 An

346 1142 470 1167 veram
488 1130 540 1167 rei
558 1130 736 1167 rationem
756 1127 903 1166 Scholia
919 1130 1128 1176 exponant,
1148 1127 1279 1165 dubito
1296 1140 1307 1164 ε
1339 1141 1375 1165 ν.
1396 1133 1477 1164 not.

344 1236 471 1284 τεμένει,
492 1244 574 1280 wast,
593 1237 631 1274 σέ
648 1239 676 1273 τ’
689 1237 840 1281 ἐνόσφισε,
859 1235 994 1284 Tepidae,

344 1290 460 1336 κλοῖξος
472 1290 633 1337 ἰπξοπετνῗς
647 1287 734 1326 ἄνθε’
750 1287 970 1336 Ὀλυμπιάδος
983 1301 993 1324 :

343 1341 438 1377 duas
463 1344 642 1378 victorias
668 1341 883 1390 Olympicas
910 1343 994 1389 tibi,

344 1393 367 1430 ὁ
382 1407 496 1443 puer,
517 1400 555 1431 et
572 1397 656 1442 tibi,
677 1395 699 1431 ὀ
731 1393 897 1440 Thaida,
919 1398 995 1430 erzi-

338 1450 427 1496 puz't
448 1459 530 1483 sors
535 1449 658 1495 jacta.
716 1446 909 1483 Obscurus
937 1447 997 1482 lo-

345 1511 425 1545 cus,
441 1501 626 1547 necjuvat
640 1500 764 1536 Schol.
785 1498 892 1545 cujus
906 1503 995 1534 sunt

342 1553 482 1588 Verba:
519 1549 723 1599 κληςωὲἔντες
758 1548 839 1586 οὗτοι
871 1548 993 1586 παίδων

341 1602 582 1649 ἀγωνίσασθαι,
609 1603 736 1650 μεταξι)
761 1599 990 1647 γενειάσαντες,

342 1653 590 1703 &engada-&now
631 1655 688 1689 τοῦ
730 1654 854 1697 ἀγῶνος,
890 1654 992 1698 quod

342 1708 545 1744 absurdum
577 1710 656 1749 est3
696 1707 792 1742 inter
823 1706 990 1742 sortitio-

341 1772 425 1796 nem
457 1763 601 1795 enatam
639 1770 716 1795 esse
750 1758 992 1806 lanuginem;

339 1814 468 1849 saltem
480 1813 531 1848 sic
543 1812 755 1858 refingenda
769 1816 857 1846 sunt
871 1823 880 1846 τ
911 1821 992 1851 nan·

337 1864 479 1914 ξωθέντες
505 1863 586 1901 οὗτοι
614 1863 736 1900 παίδων
761 1863 989 1910 ἀγωνίσασθαι

336 1918 476 1965 μεταξι),
495 1915 708 1964 'yenatio-xrs&
728 1917 822 1963 ἔξεκξ.
879 1916 989 1954 Sorte

331 1970 663 2016 ‘componebantur
694 1969 798 2015 paria
821 1969 860 2005 in
885 1970 987 2006 lucta

335 2027 374 2059 et
408 2024 446 2058 in
482 2023 651 2070 pugilatu
684 2033 727 2057 ac
765 2023 983 2068 pancratio:

337 2075 388 2111 cf.
403 2074 464 2111 Ol.
481 2076 556 2110 viii.
580 2077 641 2110 90.
664 2073 775 2123 Pyth.
799 2076 872 2111 viii.
896 2079 983 2113 117.

336 2127 449 2164 Nem.
478 2141 515 2164 x.
546 2131 607 2163 50.
637 2133 675 2164 et
702 2132 813 2163 notus
839 2132 895 2164 est
925 2130 981 2166 lo-

335 2192 398 2216 cus
414 2182 515 2229 apud
533 2179 754 2216 Lucianum.
787 2180 836 2218 V.
859 2180 986 2219 Faber

333 2234 509 2281 Agonist.
538 2234 562 2270 i.
588 2236 652 2270 25.
697 2232 805 2271 Sorte
833 2247 984 2282 quoque

333 2289 592 2331 constitutum,
622 2286 687 2333 qui
714 2288 817 2333 prior
845 2301 893 2324 an
912 2300 982 2335 po-

331 2341 466 2376 sterior
480 2341 660 2388 prodiret.
716 2339 775 2376 Ita
793 2342 879 2378 etin
899 2354 978 2378 cer.

334 2394 471 2429 tamine
505 2395 671 2429 musico:
718 2406 755 2429 v.
792 2394 975 2442 Antigon.

335 2443 482 2496 Caryst.
507 2450 540 2483 1.
563 2451 601 2484 et
625 2447 677 2484 ibi
704 2446 847 2498 Niclas‚
876 2459 914 2495 p.
938 2450 974 2484 3.

1064 1234 1170 1271 Inter
1195 1235 1427 1271 sortitionem
1455 1233 1717 1272 adeofintelle.

1063 1292 1163 1325 ctum
1180 1293 1248 1335 est,
1266 1300 1341 1323 non
1357 1288 1514 1335 amplius
1527 1288 1717 1333 inspuero-

1063 1354 1144 1377 rum
1165 1353 1319 1377 numero
1334 1353 1396 1376 eos
1417 1352 1493 1377 esse
1508 1340 1713 1376 habendos.

1062 1393 1145 1430 Nec
1172 1398 1294 1430 tamen
1323 1394 1378 1429 his
1404 1393 1613 1440 expeditam
1637 1405 1715 1428 rem

1061 1447 1183 1481 videas
1199 1458 1208 1488 ;
1239 1458 1321 1491 quae
1338 1446 1433 1481 enim
1453 1447 1489 1480 in
1511 1445 1583 1481 hoc
1602 1446 1714 1492 culpa

1060 1497 1212 1533 sortis?
1254 1501 1292 1533 et
1319 1503 1412 1543 tum,
1442 1499 1471 1532 si
1495 1497 1574 1544 jam
1603 1503 1713 1533 antea.

1058 1551 1154 1586 inter
1193 1550 1356 1596 ephebos
1402 1550 1548 1585 habitus
1592 1554 1632 1585 et
1665 1562 1711 1586 ex

1058 1613 1264 1648 puerorum
1308 1602 1507 1638 certamine
1541 1603 1721 1639 exclusus.

1058 1654 1132 1690 suit
1167 1654 1383 1699 Alcimidas‚
1415 1655 1605 1701 quomodo
1636 1655 1710 1691 hoc

1055 1707 1094 1742 in
1135 1708 1309 1754 carmine,
1348 1709 1449 1754 quod
1485 1708 1599 1743 serius
1635 1712 1705 1755 est,

1056 1760 1159 1796 lucta
1202 1763 1227 1797 ἓν
1265 1762 1369 1796 παισὶ
1406 1762 1555 1796 vincere
1593 1764 1707 1807 potu-

1055 1812 1120 1849 it?
1177 1813 1338 1859 Scilicet,
1393 1817 1575 1860 quantum
1627 1813 1707 1850 sine

1055 1866 1232 1902 historica
1259 1866 1328 1901 fide
1356 1879 1400 1903 ex
1417 1866 1540 1902 verbis
1564 1866 1708 1902 efficere

1053 1920 1153 1967 licet,
1169 1921 1342 1955 videntur
1363 1920 1563 1956 Alcimidas
1582 1923 1620 1954 et
1638 1919 1705 1954 Ti-

1053 1973 1167 2009 midas
1198 1977 1299 2009 sorte
1325 1985 1408 2008 cum
1437 1977 1510 2007 tam
1538 1972 1702 2007 robustis

1051 2030 1089 2062 et
1107 2027 1313 2062 exercitatis
1334 2026 1580 2062 luctatoribus
1601 2037 1704 2061 com-

1051 2079 1172 2126 parati
1198 2080 1323 2125 fuisse,
1353 2083 1396 2114 ut
1423 2078 1522 2114 vinci
1548 2090 1611 2114 eos
1634 2090 1702 2113 ne-

1050 2143 1148 2168 cesse
1180 2137 1283 2168 esset.
1341 2131 1472 2179 Magni
1515 2131 1611 2166 enim
1655 2131 1702 2166 ad

1051 2189 1235 2221 certamen
1248 2191 1250 2193 ’
1261 2185 1436 2222 momenti
1462 2196 1539 2220 esse
1556 2184 1699 2230 debuit,

1050 2243 1389 2285 componereturne
1436 2238 1566 2284 aliquis
1614 2249 1704 2272 cum>

1049 2291 1208 2328 fortiore
1242 2305 1290 2328 an
1322 2304 1406 2328 cum
1440 2291 1560 2326 minus
1591 2289 1697 2325 sorti.

1047 2343 1095 2380 In
1127 2344 1199 2380 fine
1225 2344 1349 2391 οὲνίοχον
1376 2345 1421 2380 de
1451 2344 1627 2391 magistro
1656 2343 1696 2375 et

1043 2398 1159 2443 alipta
1178 2397 1284 2433 dixit.
1332 2397 1389 2434 De
1408 2409 1477 2432 usu
1498 2396 1600 2431 vario
1626 2404 1701 2430 νοω.

1044 2450 1094 2485 cis
1106 2463 1141 2486 v.
1154 2448 1296 2488 Jacobs
1308 2450 1529 2487 Animadvv.
1542 2460 1580 2495 p.
1599 2447 1690 2483 308.

919 2636 1097 2661 l
