1846 3121
382 105 415 153 8
932 102 1197 158 Praefatio.

380 255 492 298 Mihi
511 272 657 309 versus,
673 258 799 313 qualis
814 258 879 300 hic
898 259 937 299 in
952 259 1128 301 Pindaro
1149 268 1221 311 est,
1245 260 1365 314 Pyth.
1384 261 1411 302 i.
1438 268 1530 304 134.
1562 271 1619 307 σύν
1640 269 1689 305 τοί
1708 268 1755 305 τίν

378 330 594 372 neu—omni
614 332 796 372 barbarie
816 332 1014 373 horridior
1033 343 1117 384 est;
1147 334 1245 375 alios
1265 335 1314 375 ad
1336 350 1428 375 eum
1449 336 1652 376 offendere
1672 348 1753 375 non

376 403 506 444 video.
543 405 742 445 Auditum
763 405 895 461 itaque
922 422 1071 458 meum,
1092 423 1263 458 sensum,
1281 418 1320 449 et
1337 409 1550 463 judicium,
1571 409 1656 449 aliis
1678 411 1753 449 ob-

376 478 535 518 trudere
564 478 812 532 refugiebam
831 496 840 519 :
872 479 1065 534 inprimis,
1087 497 1194 532 cum,
1216 481 1255 522 in
1276 497 1372 535 quas
1394 484 1528 522 turbas
1555 497 1618 521 me
1639 496 1752 523 com-

375 550 590 602 mitterem,
609 552 726 593 facile
747 554 1022 606 praeviderem.
1082 553 1185 595 Haec
1207 564 1314 595 recte
1337 570 1387 594 an
1406 555 1506 595 falso
1529 553 1750 604 statuerim,

376 640 480 665 nunc
511 640 592 665 non
623 641 784 680 quaero3
815 625 984 679 ingenue
1016 636 1168 668 tantum
1206 627 1411 681 profiteor,
1433 643 1520 681 quae
1545 642 1610 667 me
1639 636 1751 670 tenu-

381 698 496 749 erint,
514 714 564 739 ne
584 700 748 739 ulterius
768 702 1043 754 progrederer.
1103 701 1380 754 Intelligebam
1404 709 1539 740 tamen
1559 702 1682 740 altera
1703 716 1752 741 ex

373 781 502 825 parte,
523 787 684 813 necesse
714 789 800 814 esse
830 774 992 827 aliquid,
1015 777 1122 829 quod
1154 785 1336 828 ponatur,
1357 773 1595 828 hypothesin
1625 773 1751 814 nostri

373 845 557 887 homines
587 846 737 898 dicunt,
758 847 1012 902 probabilem
1044 849 1217 903 aliquam
1248 849 1456 898 rationem,
1485 862 1572 901 quae
1602 847 1752 888 interea

373 928 567 970 teneatur,
598 921 726 960 donec
757 920 941 971 certiora,
971 921 1004 961 si
1034 924 1157 964 modo
1187 922 1352 977 reperiri
1383 930 1565 977 possunt,
1593 930 1752 975 reperta

372 993 543 1044 fueriut;
576 995 892 1048 probabiliorem
923 996 963 1036 in
992 996 1126 1037 multis
1156 1012 1216 1047 ea,
1238 1012 1355 1051 quam
1389 995 1630 1036 recentiores
1662 1010 1750 1035 me-

373 1066 461 1109 trici
482 1069 639 1123 sequuti
659 1078 791 1120 erant3
822 1069 1100 1123 comparandis
1121 1069 1303 1110 subtilius
1324 1068 1568 1110 carminibus
1588 1083 1750 1108 eorum-

372 1156 450 1197 que
471 1141 665 1196 partibus,
683 1142 722 1182 lz.
745 1157 777 1183 e.
799 1142 972 1196 strophis
994 1153 1034 1182 et
1055 1142 1210 1195 epodiS.

378 1248 379 1251 ,
427 1213 538 1255 Inter
569 1215 652 1256 haec
685 1223 844 1255 venerat
875 1215 915 1255 in
948 1230 1087 1255 manus
1119 1213 1301 1267 egregius
1335 1213 1393 1254 D.
1422 1213 1449 1254 J
1457 1227 1501 1252 ο.
1532 1214 1746 1254 ALOYsu

371 1286 710 1328 MINGARELLI
728 1287 909 1328 libellus:
936 1287 1185 1344 C07y'ectu1oe
1197 1287 1245 1328 de
1261 1287 1442 1327 Pindari
1457 1286 1606 1327 met-ris.
1640 1285 1748 1328 Cum

370 1361 411 1402 in
430 1361 490 1401 his
510 1361 685 1401 viderem
706 1361 887 1409 fundum,
908 1360 988 1410 cui,
1009 1361 1148 1401 saltem
1179 1376 1226 1400 ex
1248 1369 1374 1414 parte,
1395 1359 1573 1400 insistere
1594 1359 1749 1411 liceret,

369 1433 547 1488 applicui
578 1448 644 1472 me
674 1433 724 1472 ad
754 1432 900 1472 Senem
930 1433 1210 1483 venerabilem,
1242 1442 1282 1474 et
1312 1448 1384 1486 per
1413 1431 1545 1472 literas
1573 1447 1666 1472 cum
1698 1447 1748 1472 eo

371 1508 435 1561 egi
455 1509 504 1547 de
526 1515 760 1559 argumento
790 1507 868 1547 hoc
887 1523 897 1557 ς
928 1515 1012 1547 erat
1030 1506 1117 1547 Viri
1141 1506 1284 1560 optimi
1304 1515 1411 1546 tanta
1436 1505 1674 1555 humanitas,
1701 1514 1746 1545 ut

370 1596 451 1621 non
472 1581 595 1621 modo
617 1581 804 1621 edoceret
822 1596 888 1621 me
913 1595 1001 1634 quae
1029 1580 1185 1630 vellem,
1206 1595 1343 1620 verum
1371 1588 1414 1620 ut
1442 1579 1564 1619 etiam
1585 1594 1608 1619 a
1632 1578 1748 1619 Nic.

372 1654 565 1704 Sonow,
586 1653 653 1708 qui
673 1662 758 1694 tum
781 1653 976 1695 Bononiae
997 1655 1178 1707 degebat,
1199 1652 1465 1706 compellatus
1496 1662 1536 1693 et
1565 1653 1746 1703 edoctus,

369 1738 525 1781 gratum
545 1743 586 1767 se
606 1726 701 1767 mihi
723 1727 777 1767 ita
797 1729 992 1768 facturum
1015 1743 1114 1778 esse,
1135 1727 1311 1777 offerret,
1328 1726 1518 1781 quicquid
1540 1726 1624 1780 ipse
1646 1741 1746 1781 ope-

370 1815 423 1841 rae
442 1800 537 1840 olim
559 1801 598 1840 in
619 1809 743 1840 metra
763 1800 973 1841 Pindarica
994 1809 1182 1855 parasset.
1214 1800 1376 1854 Opibus
1397 1800 1458 1841 his
1478 1816 1540 1841 an.
1562 1815 1625 1840 xc.
1645 1799 1744 1840 mihi

369 1875 493 1914 ditato
523 1873 619 1913 nihil
640 1874 788 1924 deerat,
806 1889 926 1928 quam
948 1874 1075 1915 otium
1096 1874 1259 1915 liberale
1290 1883 1329 1914 et
1358 1873 1510 1915 animus
1531 1873 1617 1914 aliis
1637 1873 1744 1914 curis

370 1946 601 2000 expeditus:
632 1946 699 2001 qui
720 1956 865 1998 tamen,
887 1963 936 1988 ex
966 1948 1043 1988 loci
1065 1948 1143 1988 mei
1165 1958 1204 1989 et
1223 1948 1396 1989 muneris
1417 1947 1649 1997 rationibus,
1671 1962 1744 2001 per

371 2035 489 2060 omne
521 2020 611 2060 inde
650 2030 808 2074 tempus
839 2021 938 2062 mihi
973 2021 1112 2062 defuit.
1174 2022 1281 2063 Cum
1310 2022 1384 2062 viri
1409 2021 1533 2071 docti,
1561 2020 1629 2076 qui
1652 2021 1742 2076 jam

369 2094 608 2146 grandaevus,
632 2093 839 2145 Bononiae,
861 2095 1000 2136 Abbas
1030 2095 1238 2148 generaliS,
1259 2096 1309 2136 ad
1339 2094 1524 2135 meliores
1547 2094 1647 2135 abiit
1666 2109 1740 2134 nee

369 2166 536 2220 patriam
567 2182 676 2206 suam
707 2167 818 2208 novis
844 2170 961 2209 rebus
982 2172 1182 2210 turbatam
1202 2169 1312 2217 vidit,
1332 2184 1424 2209 cum
1445 2169 1544 2224 ejus,
1563 2168 1740 2223 inquam,

368 2241 509 2279 ductus
529 2239 727 2280 literarum
758 2240 834 2282 sint
863 2242 1005 2282 minuti
1028 2243 1213 2297 lectuque
1243 2242 1437 2292 difficiles,
1457 2256 1640 2281 meorum
1669 2256 1740 2281 au-

369 2323 449 2352 tem
471 2313 681 2353 oculorum
703 2330 749 2354 ea
769 2314 817 2355 sit
836 2315 1033 2366 debilitas,
1055 2325 1097 2356 ut
1118 2332 1197 2356 non
1217 2316 1288 2356 nisi
1309 2329 1453 2368 magno
1473 2328 1567 2354 cum
1597 2313 1737 2354 dolore

368 2385 568 2426 intentiori
588 2385 685 2426 visui
705 2387 954 2440 indulgeam:
985 2404 1064 2430 non
1094 2389 1207 2430 licuit
1236 2405 1285 2430 eo
1316 2399 1498 2442 tempore
1518 2387 1632 2440 plura
1652 2397 1738 2427 ten-

365 2472 461 2509 tare,
483 2475 602 2514 quam
635 2470 677 2500 ut
697 2461 903 2501 schedulas
929 2477 1081 2515 sparsas
1106 2478 1151 2503 ac
1183 2464 1331 2502 solutas
1351 2460 1582 2513 colligerem
1610 2475 1656 2500 ac
1677 2458 1738 2499 di-

366 2547 559 2584 gererem,
579 2544 618 2574 et
642 2534 813 2587 potiora,
833 2549 919 2588 quae
950 2550 990 2574 se
1022 2536 1258 2586 offerebant,
1279 2549 1550 2588 excerperem.
1613 2532 1735 2573 Nunc

367 2620 465 2658 opes
486 2606 569 2647 illus
588 2608 627 2647 in
650 2608 892 2649 bibliotheca
913 2617 1045 2649 nostra
1064 2610 1293 2650 academica
1315 2607 1490 2663 reposui,
1510 2616 1549 2648 et
1568 2606 1737 2648 aliorum

365 2681 500 2722 usibus
522 2682 676 2736 reliqui.
