1846 3121
575 151 809 203 Carmen
861 150 963 202 IV.
1348 157 1458 211 229

217 296 421 345 Κεῖνοισιν
449 289 589 349 εἶπῶν,
617 291 774 361 ἱκόμαν

215 368 394 424 OinaB,
419 363 616 451 ,οἱρχαιαν
644 365 836 433 κομίζων

215 439 385 506 Πατρός
411 437 528 505 ἐμοῦ,
556 436 910 527 βασιλευομέναν

214 515 283 560 Ου
309 533 394 560 κατ
435 531 584 566 ουσαν,
611 533 690 559 ταν
715 533 832 560 ποτε
1384 527 1463 572 19⁴0

67 652 136 684 est.
196 647 324 695 Pergit
351 651 472 683 tamen
503 646 711 686 Scholion·
743 647 934 712 εὗτςοῖνζελον
961 645 1005 693 Se,
1032 646 1239 688 ἀπαίδευτον,
1266 646 1420 695 αἶσχςον,
1443 648 1462 683 3

70 703 153 747 {ares
144 699 309 742 ς’Ἡοωτο
282 717 322 736 σιν
337 716 393 740 τις.
416 717 434 737 η
455 703 582 738 ἐναντίον
601 704 658 738 nx)
679 701 828 749 αἶσχςὸν,
848 717 863 735 ο
886 699 923 736 οἵν
941 717 988 740 τις
1008 701 1179 748 ἔντραπείη.
1226 697 1304 740 Qui
1334 700 1465 736 ultima

69 751 306 799 adjecerunt,
340 756 498 798 possunt
519 754 614 789 alter
640 754 844 801 ἔκτςοίπελον,
865 753 961 790 alter
980 753 1165 800 ἔντςοίπελον
1183 752 1313 798 legisse
1332 752 1462 788 videri.

71 804 246 839 Alterum
267 805 352 852 hoc,
375 810 419 841 ut
436 804 559 851 dixi,
550 817 586 840 in
609 806 785 842 omnibus
801 804 906 840 editis
925 811 963 843 et
978 805 1126 852 scriptis
1141 805 1322 850 occurrit,
1343 809 1382 841 et
1400 805 1465 840 de-
1488 851 1491 854 Ι

69 856 237 892 tenditur
255 858 391 893 acriter
410 870 432 893 a
452 856 624 906 Pauwio‚
639 863 683 893 ut
696 858 743 893 sit
762 862 890 904 turpe,
906 859 923 895 ὃ
940 856 1083 906 ἐντςέπει,
1100 858 1244 893 rubore
1260 858 1462 904 suffundit.

72 908 195 956 {gitur
215 910 286 946 hoc
304 911 351 946 ad
369 922 431 946 xx.
454 922 574 947 annos
595 912 786 959 pertinere
804 922 953 947 necesse
972 914 1048 955 est3
1082 922 1150 957 per
1169 922 1264 956 quos
1294 912 1468 958 obsequi-

71 974 177 998 osum
199 974 238 998 se
260 966 502 1012 praestiterat
521 960 682 1001 Chirom‘
708 963 901 1010 alumnus,
924 965 976 1000 ita
994 968 1038 999 ut
1056 963 1135 999 sine
1156 964 1299 999 offensa
1319 968 1403 999 cum
1422 963 1467 999 iis

72 1026 111 1050 se
132 1016 265 1051 vixisse
293 1016 518 1062 significaret
534 1028 544 1060 3
576 1029 698 1064 neque
726 1028 764 1051 se
793 1016 1012 1063 discessisse,
1044 1017 1133 1062 quia
1161 1016 1332 1063 haberet,
1362 1015 1468 1063 quod

75 1068 121 1102 de
141 1066 309 1104 Chirone
329 1076 640 1114 conquereretur.
699 1068 797 1104 Cum
826 1073 947 1104 tamen
967 1080 1040 1103 vox
1068 1069 1255 1115 ἐντςοίπελος
1282 1081 1469 1115 nusquam

72 1125 267 1169 occurrat,
288 1121 351 1156 sed
381 1124 527 1156 tantum
556 1120 757 1169 δυςροίπελος
784 1124 823 1155 et
851 1121 1055 1168 εὐτςοίπελος,
1082 1121 1186 1167 quod
1214 1125 1252 1157 et
1283 1122 1318 1158 in
1349 1122 1468 1159 Scho-

78 1173 149 1215 liis,
172 1175 241 1208 etsi
272 1185 484 1220 perperam,
507 1174 688 1209 insertum
718 1176 786 1218 est,
808 1183 977 1218 cumque
1004 1184 1051 1208 ne
1078 1173 1288 1221 analogiam
1317 1175 1469 1221 quidem

76 1225 212 1260 habeat
232 1228 430 1273 ἒντςοίπελον,
453 1226 586 1272 reliqui
603 1227 640 1262 in
662 1229 788 1272 poeta,
806 1226 909 1271 quod
925 1225 1003 1273 jam
1025 1226 1062 1261 in
1084 1224 1126 1261 P.
1145 1226 1170 1261 i.
1192 1229 1279 1262 178.
1296 1228 1466 1273 obvium,

77 1282 270 1324 receperat
288 1277 449 1313 Schmid.
511 1277 572 1314 Ita
589 1279 704 1313 verba
722 1278 810 1313 licet
830 1279 881 1314 ad
895 1279 1095 1314 discessum
1126 1278 1266 1315 referre
1294 1280 1391 1316 clam
1419 1281 1469 1316 ab

72 1341 260 1378 generoso
281 1330 530 1378 adolescente,
552 1333 620 1379 qui
631 1330 802 1377 juvenile
820 1331 946 1366 calore
965 1336 1002 1367 et
1021 1334 1264 1380 zmpatz'entz‘a
1282 1335 1413 1382 abripi
1429 1345 1469 1369 se

72 1394 211 1431 passus
229 1387 328 1429 erat,
340 1383 508 1431 sactum,
530 1395 596 1419 nec
615 1383 693 1418 ullo
703 1383 814 1428 sacto
835 1382 898 1418 vel
912 1386 1028 1418 verbo
1047 1387 1306 1422 nutritoribus
1319 1387 1469 1434 signifi-

76 1440 226 1471 catum.
254 1433 324 1470 οὔτε
352 1435 541 1481 ἕ.--εἰπων,
570 1435 697 1481 ἱκόμαν,
726 1438 797 1469 etc.
855 1434 915 1470 Sic
947 1436 1135 1471 temeritas
1156 1437 1401 1475 adolescentis
1429 1440 1470 1475 in

77 1498 179 1533 seqq.
201 1487 293 1522 mira
312 1486 428 1522 videri
446 1500 523 1524 non
544 1487 669 1532 debet,
690 1498 774 1522 cum
794 1486 936 1532 alioqui
955 1485 1130 1523 Chironis
1160 1490 1370 1535 prudentiae
1401 1503 1470 1538 pa..

75 1550 156 1574 rum
179 1538 310 1575 fuisset
328 1548 637 1586 consentaneum,
653 1539 854 1575 immittere
872 1539 923 1576 sic
941 1540 1217 1577 adolescentem
1236 1542 1273 1577 in
1294 1544 1471 1580 manifes-

77 1598 116 1628 ta
138 1593 304 1639 pericula
322 1597 361 1628 et
374 1594 538 1630 insidias.
579 1592 642 1628 Ita
662 1593 852 1640 εὖτςοίπελον
867 1593 938 1628 erit
952 1593 1044 1637 fere,
1061 1593 1281 1640 Immanum,
1297 1597 1471 1643 obsequi-

77 1657 198 1692 osum,
216 1647 337 1692 piam.
395 1647 556 1683 Accedit
582 1647 686 1692 quod
705 1645 815 1680 lectio
836 1645 1023 1694 εὗτροίπελον
1042 1648 1155 1683 etiam
1180 1649 1217 1684 in
1241 1646 1339 1684 Cod.
1367 1647 1471 1685 Got-

76 1699 170 1746 ting.
192 1699 395 1745 reperitur.
452 1699 653 1737 Schneider
671 1698 718 1735 ad
738 1696 906 1734 Demetr.
929 1710 966 1745 p.
992 1702 1079 1736 154.
1108 1705 1305 1749 comparat
1322 1714 1473 1739 versum

76 1752 276 1798 Aristoph.
308 1750 425 1799 Vesp.
456 1756 548 1790 466.
582 1752 639 1788 ἕτε
668 1752 725 1787 τιν’
750 1750 830 1796 ἔχων
859 1751 1038 1798 'metimus-w,
1065 1751 1122 1789 ἕτε
1148 1755 1240 1800 λόγον
1269 1754 1471 1801 εὖτςοίπελον,

77 1805 143 1840 ubi
162 1816 240 1841 esse
258 1805 407 1841 videtur
432 1805 586 1853 πιθανὸν,
611 1803 826 1852 probabile.
882 1802 946 1839 Sin
975 1808 1100 1839 autem
1129 1805 1175 1840 ad
1204 1806 1387 1853 ἐντροίπελον
1412 1818 1472 1843 re-

78 1857 211 1902 ditem,
232 1869 309 1894 non
338 1863 460 1895 tamen
480 1870 563 1895 cum
583 1857 737 1894 vetustis
756 1856 1004 1903 grammaticis
1023 1858 1231 1904 acciperem
1251 1861 1473 1906 immorige-

80 1922 180 1955 rum,
201 1910 264 1946 sed
287 1913 413 1958 potius
433 1912 481 1946 ab
505 1912 689 1959 ἔντξαπῑνοιι
709 1910 898 1955 ducerem,
921 1912 964 1943 ut
982 1910 1029 1944 sit
1048 1912 1062 1944 ὁ
1082 1911 1305 1960 ἐντρεπόμενος,
1325 1914 1392 1958 qui
1409 1923 1470 1948 re-

81 1965 291 1998 verentiam
312 1969 488 2012 praestat,
510 1963 636 1998 habet.
694 1961 894 1998 Debuisset
914 1962 1093 1997 nutritius
1111 1965 1258 2008 aperire
1272 1964 1472 2002 consilium

83 2026 190 2050 suum
212 2016 475 2063 nutritoribus,
497 2016 627 2051 saitem
648 2015 856 2051 reverentia
882 2026 1013 2050 eorum
1044 2019 1081 2050 et
1112 2026 1239 2052 amore
1265 2021 1405 2064 motus,
1427 2021 1472 2054 ut

84 2067 307 2112 obsequiose
324 2070 468 2104 veniam
490 2073 635 2115 peteret
652 2072 689 2103 et
707 2068 944 2103 valediceret.
1042 2070 1127 2103 187.
1158 2070 1303 2106 κεῖναισιν
1329 2072 1474 2107 mavult

85 2118 214 2156 Pauw.
237 2121 339 2166 quod
358 2133 392 2156 v,
418 2124 507 2167 182,
531 2123 566 2156 3.
595 2132 672 2155 non
705 2120 774 2155 nisi
801 2121 962 2156 foeminae
981 2126 1250 2158 memorantur.
1307 2121 1472 2169 Scilicet,

84 2174 114 2208 si
134 2173 205 2207 hoc
225 2173 426 2221 legeretur,
449 2180 528 2210 tum
543 2173 605 2209 ille
622 2173 851 2208 emendasset
869 2174 1043 2218 alterum,
1065 2175 1166 2221 quod
1186 2178 1223 2209 et
1240 2175 1362 2221 ipsum
1384 2177 1474 2212 satis

86 2226 264 2271 frequens
293 2227 330 2262 in
366 2228 498 2273 poetis.
557 2224 606 2260 Et
633 2226 692 2261 hic
710 2224 854 2261 Chiron
875 2227 953 2272 ipse
972 2227 1113 2262 subest.
1227 2231 1314 2264 188.
1345 2227 1472 2271 Inter-

86 2284 210 2326 pretes
228 2283 369 2315 veteres
391 2284 429 2316 et
458 2284 640 2325 recentes,
659 2279 769 2314 etiam
790 2277 1000 2325 Panwinm,
1021 2283 1222 2325 tantopere
1240 2280 1382 2317 haerere
1401 2293 1473 2328 po-

85 2333 200 2367 tuisse
218 2331 256 2366 in
277 2344 369 2368 voce
386 2334 552 2380 α’ςχαίαν,
571 2337 611 2367 ut
631 2343 698 2378 per
717 2331 934 2378 epenthesin
956 2343 1027 2377 pro
1044 2332 1149 2380 οῗρχῆν
1167 2332 1301 2368 dictam
1318 2334 1472 2381 vellent,

85 2391 168 2431 aut,
200 2385 303 2430 quod
336 2383 479 2420 Chaeris
511 2385 775 2432 grammaticus
802 2384 947 2430 maluit,
973 2384 1083 2431 οἰςχᾲν
1101 2383 1282 2433 οέγκομίζων
1299 2386 1476 2423 emenda-

87 2446 186 2483 rent,
207 2437 408 2474 admodum
428 2438 559 2474 miror.
618 2436 725 2473 Nihil
745 2438 859 2483 magis
879 2437 1030 2473 obvium
1050 2441 1120 2479 est,
1141 2447 1251 2481 quani
1270 2437 1477 2486 οἰςχαίοιν-

87 2489 184 2536 τιμὰν
204 2502 237 2525 v.
263 2493 346 2526 192.
369 2491 438 2526 sibi
459 2491 700 2537 respondere.
756 2489 871 2526 Tanti
891 2494 986 2532 erat,
1006 2493 1060 2534 ut,
1077 2488 1179 2534 quod
1199 2489 1368 2535 fecimus,
1388 2496 1478 2539 post

90 2544 195 2578 παισὶ
223 2543 568 2591 interpungeretur.
668 2545 756 2579 190.
786 2543 827 2579 ἐκ
845 2544 943 2579 αἶσαν
963 2542 1052 2577 Ald.
1141 2543 1229 2578 191.
1259 2540 1370 2580 ὤπασε
1389 2550 1477 2582 ante

149 2645 410 2695 188·’‘01·¹-fg⁰·”½
444 2662 500 2685 ωςἾ
536 2645 750 2694 α)ακομ4ζειν,
818 2641 946 2683 δίκαιον,
974 2642 1239 2690 βασὸλξυομέναν,
1267 2656 1348 2691 quae
1374 2649 1478 2682 tene·

92 2692 286 2736 amnestia,
331 2698 427 2747 (την)
467 2699 614 2745 α’ρχαίαν
653 2714 753 2745 τιμαν
819 2700 885 2730 [th
905 2707 1003 2730 IWHC
1023 2696 1160 2741 (SC-'ab
1180 2696 1296 2744 alio.)

94 2759 222 2793 ῦατξθξ
212 2764 299 2783 —8
319 2765 384 2785 κατ
410 2765 519 2790 αὖΐθν,
548 2765 569 2784 ζ(
599 2766 664 2784 κατ
666 2751 694 2785 α
718 2765 754 2784 ΤΘ
