1846 3121
877 399 1274 454 OArMmA.

939 590 1063 653 m..
1101 620 1177 661 7.

494 765 1077 852 ΞΕΝΟΦΩΝΤΙ
1127 782 1641 866 ΚΟΡΙΝΘΙΩ,

684 986 1016 1020 ΣΤΑΔΙΟΔΡΟΜΩ
1046 990 1126 1021 ΚΑΙ
1156 991 1423 1022 ΠΕΝΤΑΘΛῼ.

716 1163 1372 1184 ψῃ

846 1313 1267 1353 ARGUMENTUM.

360 1387 849 1453 XENOPHONTIS
871 1414 1031 1456 victoris
1061 1416 1220 1457 laudem
1250 1431 1344 1457 cum
1365 1416 1516 1470 patriae,
1539 1415 1739 1469 Corinthi,

359 1460 544 1503 laudibus
575 1466 795 1520 conjungit.
853 1470 895 1510 A
917 1471 1101 1513 Corinthi
1131 1473 1314 1514 laudibus
1335 1472 1489 1514 initium
1515 1473 1738 1522 facit—39.

359 1517 461 1559 Inde
491 1519 780 1575 Xenophontis
811 1526 995 1569 victorias
1026 1531 1359 1571 enumerat—68.
1419 1529 1543 1570 Redit
1570 1530 1661 1572 hinc
1686 1533 1736 1571 ad

360 1574 614 1626 Corinthum,
637 1588 676 1620 et
694 1595 742 1620 ex
764 1582 850 1637 ejus
869 1584 1088 1638 originibus
1107 1596 1237 1627 narrat
1258 1588 1434 1628 fabulam
1458 1587 1507 1626 de
1531 1586 1689 1640 Pegaso
1711 1603 1735 1628 a

359 1630 677 1686 Bellerophonte
690 1638 844 1680 domito
861 1657 871 1690 ς
895 1642 1099 1698 subjungit
1114 1658 1151 1683 v.
1178 1649 1268 1685 133.
1289 1644 1426 1685 laudes
1447 1642 1653 1686 tribulium
1672 1644 1734 1686 Ο-

357 1687 648 1741 ligaethidarum
674 1695 779 1735 bona
800 1705 839 1737 et
858 1707 963 1739 vota.

873 1778 909 1808 Σ.
930 1773 972 1809 α’.
1028 1782 1068 1812 K.
1088 1774 1148 1812 ιδ’.

499 1831 1165 1895 ΤΡΙΣΟΛὙΜΠΙΟΝΙΚΑΝ
1191 1843 1391 1897 ἐπαινέων

501 1914 651 1970 Οῖκον,
675 1911 828 1985 ἅμερον
854 1919 993 1976 οἷςοῖς,

409 2062 519 2104 rasas?
537 2065 648 2120 δρόμῳ.
695 2070 759 2107 Ita
776 2073 888 2120 vulgo
902 2072 939 2108 in
961 2072 1067 2110 editis
1085 2087 1109 2111 a
1126 2073 1302 2111 Romana
1319 2073 1405 2110 inde
1421 2073 1571 2123 legitur,
1586 2086 1651 2113 seu
1670 2076 1729 2114 in.

352 2117 465 2153 docte
482 2131 547 2156 seu
575 2129 767 2172 corrupte.
826 2126 910 2162 Aut
935 2127 1033 2163 enim
1053 2126 1182 2168 ς-αδιεθς
1199 2131 1265 2163 aut
1282 2125 1487 2175 ςαδιοδςόμος
1505 2133 1584 2165 erat
1603 2129 1728 2165 dicen-

351 2171 455 2207 dum.
494 2171 575 2210 Cur
592 2177 719 2224 itaque
738 2178 915 2215 Aldinam
934 2181 1179 2217 deseruerunt
1196 2181 1356 2217 editores
1374 2178 1387 2215 Ξ
1419 2180 1456 2215 in
1474 2193 1549 2228 qua
1568 2182 1728 2229 inscrip-

351 2226 391 2259 ta
409 2223 517 2262 Oda:
547 2231 708 2273 Ξενοφῶντι
734 2230 882 2281 Κορινθίῳ
901 2231 1108 2282 ςαδιοδςόμῳ,
1131 2235 1189 2270 καὶ
1212 2231 1400 2282 πεντάθλῳ,
1428 2234 1585 2270 νικήσαντι
1599 2235 1656 2270 τὼ
1675 2232 1727 2271 σθ’

349 2276 578 2327 Ὀλυμπιάδα.
620 2281 713 2320 Haec
732 2285 858 2321 eadem
876 2286 954 2322 fere
972 2285 1010 2321 in
1025 2285 1134 2323 MSS.
1155 2285 1264 2323 Bodl.
1286 2286 1475 2333 leguntur.
1513 2284 1582 2321 Est
1599 2286 1725 2334 etiam,

349 2331 454 2374 quod
476 2331 555 2378 jam
584 2340 755 2373 notatum
775 2338 862 2374 viris
881 2339 1015 2386 doctis,
1036 2338 1253 2389 Olympiadi
1271 2339 1386 2374 lxxix.
1415 2337 1622 2385 adscriptus
1642 2336 1725 2375 Xe-

348 2383 509 2431 nophon
529 2385 749 2427 Corinthius
768 2391 870 2438 apud
888 2391 1116 2439 Diodorum,
1135 2393 1186 2428 xi.
1208 2395 1271 2428 70.
1293 2395 1332 2428 et
1349 2389 1511 2440 Dionys.
1525 2389 1650 2427 Halic.
1670 2392 1723 2428 ix.

351 2436 415 2472 61.
437 2439 498 2486 (p.
520 2442 633 2490 618.)
652 2446 763 2480 etiam
781 2444 883 2491 apud
903 2443 1062 2482 Pausan.
1082 2446 1132 2481 iv.
1154 2447 1219 2481 24.
1239 2445 1303 2480 ubi
1328 2455 1504 2480 numerus
1523 2442 1723 2493 Olympia.

348 2488 404 2524 dis
432 2493 725 2534 undetricesimae
763 2501 942 2546 corrupte
972 2498 1248 2534 circumfertur.
1305 2495 1430 2543 Pater,
1460 2500 1504 2532 ut
1530 2497 1567 2532 in
1594 2497 1721 2534 Schol.

348 2541 397 2575 ad
415 2555 451 2578 v·
472 2556 530 2591 pr.
551 2554 738 2599 notatum,
761 2549 964 2588 Thessalus
989 2552 1153 2598 nomine,
1176 2549 1240 2587 Ol.
1261 2551 1350 2587 lxix.
1379 2550 1500 2586 victor
1528 2552 1722 2587 renuntia-

348 2596 411 2629 tus
440 2596 588 2636 fuerat:
629 2615 738 2641 cursu
777 2605 940 2652 quidem,
979 2609 1023 2641 ut
1056 2604 1171 2649 infra,
1201 2617 1238 2640 v.
1268 2606 1333 2640 48.
1364 2607 1481 2650 patet,
1514 2604 1634 2640 stadio
1663 2608 1721 2640 ta-

328 2655 434 2681 suen
467 2662 510 2686 ea
539 2651 697 2705 Olymp.
730 2657 993 2695 Ischomachus
1025 2658 1148 2694 victor
1175 2658 1271 2701 su1t3
1311 2668 1402 2704 ergo
1433 2656 1478 2692 de
1507 2657 1634 2694 diaulo
1662 2658 1721 2693 vel

347 2698 499 2739 dolicho
526 2710 798 2759 accipiendum,
829 2716 872 2747 ut
901 2711 1083 2748 Corsinus
1119 2723 1272 2758 quoque
1306 2710 1454 2746 monuit
1481 2711 1526 2746 ad
1555 2722 1633 2746 eam
1663 2708 1720 2746 Ο-

346 2749 467 2802 lYmP-
523 2757 630 2797 Avus
657 2763 771 2801 fuisse
795 2765 943 2803 videtur
970 2763 1200 2803 Ptaeodorus
1229 2764 1269 2801 in
1299 2762 1463 2800 Isthmiis
1492 2763 1627 2801 victor.
1667 2762 1717 2801 V.
