1846 3121
373 91 442 146 16
926 90 1194 143 Praefatio.

369 242 502 286 studio
533 242 692 284 sinistro
722 242 938 284 dialectum
965 244 1016 283 ad
1043 244 1247 296 vulgarem
1276 239 1503 283 sermonem
1542 241 1755 284 revocandi

370 318 579 359 debeatur.

425 389 535 431 Cum
567 390 690 430 semel
719 390 804 431 haec
835 389 1105 430 animadversa
1134 404 1156 428 a
1185 403 1250 429 me
1279 396 1424 438 essent,
1451 390 1594 429 utebar
1628 387 1675 429 iis
1706 387 1758 427 ad

368 463 513 505 melius
533 463 793 504 ordidandam
813 471 854 504 et
873 463 1162 517 disponendam
1183 460 1365 502 lectionis
1385 461 1639 501 varietatem:
1659 475 1759 501 con-

366 543 502 577 tentus
531 536 610 576 hoc
642 551 736 586 uno,
757 537 868 590 quod
895 551 917 576 a
946 534 1146 589 principio
1167 534 1420 588 propositum
1452 543 1551 584 erat,
1572 542 1616 575 ut
1634 542 1760 574 trans-

371 610 535 659 ferrem,
554 623 642 663 quae
673 608 917 650 Oxoniensis
948 607 1135 648 editionis
1164 616 1295 648 essent
1313 607 1443 661 copiae
1461 606 1625 648 criticae.
1683 606 1761 646 Al-

371 683 470 723 dum
491 682 672 736 inprimis
693 681 920 735 diligentius
941 684 1243 736 comparabam,
1257 696 1349 721 cum
1373 696 1465 722 eum
1487 695 1508 721 a
1529 680 1688 720 nemine
1703 678 1760 719 vi-

372 755 510 794 derem
523 754 680 795 curiose
700 753 792 794 satis
808 754 846 794 in
864 763 996 808 partes
1012 763 1214 795 vocatum.
1247 754 1354 795 Cum
1372 762 1503 795 tamen
1520 753 1636 793 variae
1650 752 1763 793 lecti-

374 826 461 867 onis
478 827 673 882 majorem
691 836 845 881 partem
862 828 912 867 ad
930 826 1064 868 inanes
1077 827 1308 883 quisquilias
1329 836 1369 868 et
1388 826 1558 881 ineptias
1580 825 1764 867 librario-

373 915 464 941 rum
483 899 738 941 indoctorum
755 908 823 940 aut
839 900 1209 953 grammaticorum,
1223 902 1438 944 dialectum
1460 910 1591 956 poetae
1613 902 1663 941 ad
1678 899 1764 940 vul-

374 987 512 1025 garem
525 988 751 1013 sermonem
766 973 1078 1023 deflectentium,
1091 975 1217 1015 redire
1231 974 1531 1023 intellexissem,
1539 975 1643 1014 unde
1659 974 1765 1013 fruc-

375 1053 440 1085 tus
453 1045 594 1100 aliquis
613 1061 685 1086 nec
700 1047 749 1085 ad
767 1045 987 1086 Pindarum
1003 1061 1076 1086 nec
1095 1048 1144 1087 ad
1159 1062 1223 1086 me
1235 1046 1478 1100 perveniret:
1501 1045 1634 1095 taedio,
1655 1046 1765 1100 quod

376 1133 427 1158 ex
448 1118 676 1159 enotatione
698 1118 924 1171 capiebam,
950 1133 1000 1157 ne
1032 1133 1233 1167 enecaret,
1254 1118 1579 1172 quandoquidem
1600 1134 1661 1167 ea,
1677 1131 1765 1172 quae

371 1190 460 1246 jam
481 1191 670 1230 exhausta
690 1198 814 1238 erant,
827 1198 988 1240 gustum
1009 1191 1103 1228 dare
1121 1198 1319 1242 poterant,
1333 1198 1526 1244 quantum
1540 1189 1633 1230 satis
1647 1198 1765 1240 esset,

378 1263 577 1303 varietatis
598 1261 796 1311 lectionis,
814 1277 933 1316 quam
962 1261 1139 1313 codices,
1159 1262 1340 1316 inprimis
1362 1262 1592 1312 Bodleiani,
1613 1277 1764 1316 suppe-

378 1335 531 1376 ditant:
565 1334 709 1375 sensim
732 1334 972 1388 sensimque,
994 1344 1035 1375 et
1053 1336 1182 1376 multo
1205 1335 1330 1388 magis
1351 1337 1401 1376 ab
1425 1335 1593 1389 Olymp.
1615 1334 1706 1375 inde
1728 1350 1765 1375 x.

379 1414 449 1450 43.
471 1407 656 1448 omittere
678 1408 783 1461 coepi
807 1408 998 1448 lectiones
1018 1408 1136 1449 nimis
1156 1410 1260 1450 leves
1282 1403 1322 1449 et
1340 1424 1469 1449 meras
1489 1407 1764 1449 aberrationes

381 1480 590 1521 dialective
611 1480 937 1532 immutationes3
963 1481 1037 1522 nisi
1057 1482 1133 1522 alia
1153 1491 1257 1523 esset
1272 1481 1373 1522 ratio
1394 1481 1547 1530 critica,
1568 1497 1656 1535 quae
1678 1496 1768 1521 sua-

383 1555 496 1594 deret
517 1562 560 1593 ut
580 1569 840 1607 apponerem.
902 1553 1012 1594 Nam
1030 1555 1068 1594 in
1091 1555 1261 1596 Nemeis
1283 1565 1322 1596 et
1343 1554 1381 1595 in
1400 1554 1592 1605 Isthmiis,
1608 1556 1658 1594 ad
1679 1569 1767 1609 quae

382 1626 514 1668 nullus
535 1642 607 1667 nec
632 1626 827 1667 Schmidii
848 1642 921 1668 nec
945 1627 1239 1669 Oxoniensium
1265 1629 1394 1669 codex
1417 1627 1627 1681 processit,
1648 1636 1768 1682 atque

384 1700 507 1741 etiam
539 1699 579 1740 in
611 1699 779 1752 Pythiis‚
810 1715 897 1754 quae
936 1701 1017 1740 duo
1046 1709 1199 1741 tantum
1234 1702 1354 1741 codd.
1392 1700 1491 1741 alter
1523 1699 1769 1740 Bodleianus

384 1773 426 1819 γ’.
459 1774 556 1814 alter
593 1773 798 1814 Palatinus
835 1774 884 1815 C.
915 1775 1256 1828 complectuntur,
1292 1774 1450 1815 Aldiuae
1489 1782 1530 1813 et
1569 1772 1767 1813 Romanae

385 1848 664 1900 comparandae
690 1847 817 1887 multo
846 1846 1141 1900 diligentiorem
1179 1848 1313 1888 addixi
1345 1863 1526 1902 operam.
1587 1845 1769 1887 Subinde

386 1919 506 1959 etiam
527 1919 674 1960 laboris
695 1935 767 1974 per
787 1936 828 1961 se
849 1929 929 1961 tam
952 1921 1272 1976 pa1·umjucundi
1294 1921 1456 1962 taedium
1478 1935 1528 1960 eo
1549 1920 1688 1969 levavi,
1711 1926 1770 1968 ut,

387 1992 507 2033 lectio
537 1993 569 2032 si
596 2009 673 2047 qua
702 1995 823 2047 paulo
854 1994 1157 2035 memorabilior
1188 2004 1432 2044 occurreret,
1464 1995 1514 2035 ad
1542 2008 1631 2034 eam
1660 1992 1771 2032 illus-

388 2067 567 2105 trandam
589 2065 858 2117 subsisterem,
879 2076 919 2108 et
939 2070 1060 2109 breve
1073 2067 1289 2123 judicium,
1311 2068 1431 2109 etiam
1453 2069 1502 2108 de
1522 2065 1771 2108 emendatio-

386 2138 503 2178 nibus
525 2139 790 2180 Sclimidianis
811 2150 849 2181 et
866 2141 1106 2192 Pauwianis,
1127 2141 1366 2197 subjicerem
1383 2159 1392 2191 ;
1424 2142 1552 2181 multo
1573 2156 1666 2180 vero
1687 2155 1771 2180 ma-

386 2211 447 2264 gis
466 2220 566 2261 tum,
587 2227 679 2252 cum
700 2213 971 2256 distinctiones
993 2214 1273 2255 sententiarum
1297 2224 1556 2262 mutaveram,
1577 2214 1655 2253 hoc
1672 2211 1771 2251 mihi

387 2284 555 2338 sumpsi,
576 2293 620 2324 ut
639 2287 688 2325 ad
708 2287 1007 2328 enuntationum
1030 2287 1279 2342 poeticarum
1300 2303 1447 2328 nexum
1465 2301 1605 2341 pauca,
1619 2294 1659 2326 et
1679 2287 1771 2325 bre-

387 2355 501 2406 viter,
522 2357 752 2412 adjicerem.
810 2360 947 2415 Atque
975 2361 1049 2402 hac
1080 2361 1240 2415 quidem
1268 2370 1380 2415 parte
1413 2375 1546 2414 operae
1574 2374 1674 2399 meae
1705 2373 1770 2398 ine

388 2437 489 2481 puto
509 2430 676 2482 gratiam
699 2431 870 2486 aliquam
893 2435 1001 2486 apud
1028 2434 1200 2475 lectores
1231 2434 1393 2475 Pindari
1414 2433 1560 2482 iniisse,
1583 2433 1691 2487 quod
1714 2431 1771 2471 in-

389 2504 564 2545 numeris
585 2505 625 2546 in
646 2506 745 2547 locis
777 2523 915 2561 pravas
937 2508 1229 2556 distinctiones,
1251 2506 1396 2561 quibus
1416 2504 1620 2545 sententiae
1640 2512 1771 2558 poetae

391 2574 534 2617 misere
555 2588 663 2620 erant
684 2580 858 2621 distortae
880 2582 1109 2636 fractaeque,
1125 2581 1363 2634 plerumque
1383 2579 1516 2629 tacite,
1538 2576 1691 2618 sustuli.
1722 2576 1772 2617 In
