1846 3121
585 85 857 140 Praefatio,
1377 90 1414 146 7

35 246 298 304 conjectando
337 253 447 287 recte
486 241 772 298 assequamur?
830 237 1038 280 Insidebat
1075 236 1209 278 animo
1249 238 1417 282 Pindari

34 308 173 372 metra,
207 334 429 375 eorumque
463 316 843 373 componendorum
875 311 1073 353 rationem
1110 310 1295 352 debuisse
1330 328 1418 355 esse

32 393 384 449 simplicissimam,
421 402 466 433 ut
502 390 751 446 reliquorum
790 396 971 428 veterum
1009 384 1256 439 lyricorum3
1291 385 1420 427 subti-

32 467 151 509 liores
172 467 280 508 enim
301 475 343 508 et
361 465 639 522 exquisitiores
659 475 919 504 numerorum
940 468 980 501 et
1006 460 1225 501 modorum
1246 459 1420 501 rationes

30 556 111 583 non
130 540 206 582 nisi
229 556 303 596 per
330 539 507 581 musicos
527 547 667 580 cantus
686 533 903 578 studiosius
923 534 1165 585 elaboratos,
1185 533 1361 575 maxime
1380 533 1423 575 in

32 630 163 667 scena,
192 614 405 656 accessisse
426 613 636 664 novimus;
666 608 996 663 subrisurumque
1027 608 1130 648 adeo
1160 622 1247 648 esse
1269 606 1422 648 Pinda-

31 704 135 740 rum,
155 687 188 730 si
205 688 470 739 revivisceret,
486 686 717 728 nominibus
737 684 800 726 his
819 683 1000 725 mirificis
1020 691 1243 724 metrorum
1263 681 1423 725 auditis.

31 759 162 816 Igitur
181 763 232 803 ad
250 761 391 818 priscae
419 760 545 803 aetatis
575 758 877 814 simplicitatem
910 759 1134 799 revocanda
1168 772 1255 798 esse
1287 756 1425 799 omnia

35 837 276 878 statuebam.
336 835 583 876 Suavitatem
613 848 875 875 numerorum
906 831 947 873 in
976 831 1112 873 multis
1133 830 1370 882 sentiebam,
1390 829 1424 872 si

33 909 85 950 ad
103 923 294 950 numeros
314 917 356 952 et
375 908 478 951 ictus
498 924 633 950 versus
653 909 874 950 recitabam
892 924 904 960 3
933 916 974 949 at
1005 906 1113 948 enim
1144 907 1317 949 eundem
1337 921 1426 948 ver·

38 997 126 1024 sum
148 998 255 1039 saepe
275 983 462 1025 videbam
483 998 563 1024 non
582 998 662 1023 uno
690 982 816 1024 modo
848 981 889 1023 in
923 981 1098 1023 diversas
1132 981 1283 1022 formas
1315 988 1425 1022 recte

38 1056 226 1111 dispesci,
263 1073 481 1113 quamnam
532 1058 823 1112 praeferendam
869 1055 1047 1097 dicerem
1086 1069 1168 1095 non
1206 1055 1423 1096 habebam.

37 1129 284 1185 Supererant
303 1131 394 1181 alia,
409 1131 449 1171 in
464 1131 610 1185 quibus
630 1129 732 1171 ratio
751 1139 795 1172 et
813 1145 951 1172 sensus
971 1128 1126 1170 aurium
1140 1126 1427 1184 judiciumque

39 1219 105 1244 me
125 1202 381 1244 destituebat.
439 1203 510 1244 Ad
528 1203 683 1244 aurium
708 1202 816 1244 enim
835 1201 1035 1258 judicium
1064 1202 1255 1257 pleraque
1281 1201 1427 1253 redire,

38 1276 158 1317 facile
179 1284 264 1316 erat
289 1277 339 1316 ad
368 1277 660 1331 assequendum
678 1293 690 1328 ς
721 1285 761 1317 at
780 1291 862 1317 non
882 1284 964 1316 tam
981 1274 1100 1316 facile
1120 1275 1428 1330 assequendum,

37 1349 153 1404 quale
173 1347 272 1388 illud
299 1347 467 1388 Pindari
489 1347 642 1399 fuisset,
674 1357 757 1399 aut,
790 1347 823 1388 si
855 1362 993 1388 meum
1011 1363 1214 1402 sequerer,
1235 1363 1315 1403 qua
1333 1363 1430 1390 auc-

39 1421 198 1462 toritate
219 1421 298 1461 hoc
320 1419 555 1462 stabilirem.
614 1420 841 1467 Quomodo
874 1420 982 1462 enim
1012 1420 1053 1461 in
1084 1436 1286 1472 sermone,
1313 1422 1428 1477 cujus

40 1511 132 1537 usus
151 1504 193 1536 et
211 1510 304 1536 vera
323 1495 599 1550 pronuntiatio
618 1505 711 1537 ante
732 1495 843 1536 mille
871 1510 996 1536 annos
1025 1493 1214 1546 exolevit,
1247 1495 1297 1535 de
1330 1504 1427 1536 tono

38 1578 78 1611 et
106 1579 289 1622 accentu,
319 1571 369 1611 de
401 1569 605 1624 euphonia
632 1578 673 1611 et
702 1568 957 1624 enrhythmia
977 1569 1062 1610 sine
1082 1568 1331 1611 haesitatione
1349 1578 1430 1611 sta-

39 1653 193 1685 tuerem
211 1645 225 1684 ?
253 1644 383 1685 multo
418 1643 561 1698 magis,
590 1660 683 1685 cum
705 1643 747 1685 in
766 1644 854 1700 ipsa
874 1644 1051 1696 Graecia,
1072 1646 1124 1686 ab
1144 1643 1430 1700 antiquissimis

38 1718 129 1759 inde
151 1717 419 1773 temporibus,
450 1733 532 1759 non
562 1720 704 1760 eadem
732 1718 898 1774 ubique,
927 1734 1001 1760 nec
1023 1734 1096 1773 per
1117 1733 1257 1759 onmes
1279 1727 1429 1770 aetates,

38 1807 110 1832 nec
147 1807 219 1847 per
254 1806 419 1833 omnem
451 1791 655 1834 Graeciam
677 1792 952 1848 pronuntiatio
981 1790 1233 1834 obtinuerit?
1261 1792 1359 1848 quid
1378 1794 1430 1834 de

37 1866 224 1917 AEolum,
252 1865 416 1908 Dorum
448 1866 801 1922 pronuntiatione?
831 1868 929 1924 quid
960 1870 1010 1910 de
1043 1869 1216 1910 dialecto
1249 1868 1430 1911 Pindaro

41 1940 233 1995 propria?
263 1956 341 1996 qua
371 1940 452 1982 fide
484 1941 571 1983 aliis
605 1944 905 1996 persuaderem,
941 1942 1040 1998 quid
1074 1941 1239 1983 Pindari
1268 1941 1431 1984 auribus

39 2017 257 2068 probatum
279 2014 413 2066 fuerit,
435 2014 531 2070 quid
551 2015 711 2058 minus?
741 2016 791 2059 In
823 2017 914 2073 ipso
943 2016 1074 2071 patrio
1107 2031 1293 2057 sermone
1322 2015 1433 2058 vide-

42 2089 135 2128 bam
151 2103 271 2143 quam
293 2087 529 2142 ambiguum
550 2098 592 2130 et
619 2089 741 2132 fallax
772 2090 823 2132 sit
855 2090 1012 2132 aurium
1038 2090 1269 2147 judicium;
1298 2091 1430 2132 multo

43 2161 167 2215 magis
187 2161 228 2203 in
247 2162 390 2216 linguis
420 2163 591 2204 aliorum
625 2164 888 2219 populorum,
922 2180 944 2206 e
974 2164 1121 2220 quibus
1152 2164 1228 2206 nisi
1260 2165 1430 2206 advenas

44 2236 255 2291 loquentes
275 2236 462 2287 audieris,
485 2239 535 2279 de
564 2247 661 2279 tono
694 2247 735 2279 et
764 2248 932 2280 accentu
951 2239 1137 2295 judicare
1157 2254 1362 2294 nunquam
1383 2239 1431 2280 li-

43 2318 130 2361 cet3
150 2310 246 2366 quid
267 2312 425 2352 tandem
442 2311 481 2352 in
500 2311 658 2365 linguis,
671 2327 839 2367 quarum
856 2328 950 2353 usus
965 2314 1117 2354 dudum
1133 2312 1296 2365 interiit,
1309 2314 1432 2354 aude-

39 2382 208 2424 bimus?
248 2383 393 2426 Gnaeca
415 2386 647 2440 pronuntiat
665 2386 836 2442 quisque
857 2387 907 2427 ad
925 2387 1120 2429 sermonis
1136 2387 1198 2428 sui
1211 2386 1329 2442 patrii
1341 2401 1432 2429 mo-

45 2472 145 2510 rem,
166 2467 322 2512 tonum,
351 2475 398 2500 ac
419 2459 673 2514 rhythmum3
705 2476 754 2502 ex
777 2476 827 2502 eo
847 2461 1015 2517 quisque
1036 2462 1270 2504 suavitatem
1290 2476 1433 2503 nume·

47 2545 184 2572 rorum
214 2533 434 2575 constituit.
483 2535 542 2575 At
561 2548 682 2589 quam
701 2534 854 2576 diversa
869 2535 954 2577 haec
969 2535 1125 2592 judicia
1144 2550 1230 2577 esse
1251 2534 1432 2577 videmus

48 2603 149 2646 inter
186 2621 257 2648 eos
296 2606 420 2662 ipsos·
444 2608 514 2663 qui
551 2609 723 2650 eundem
764 2624 992 2651 sermonem
1035 2608 1211 2664 patrium
1253 2608 1430 2652 habent!

54 2674 162 2724 Mihi
184 2680 313 2723 hiatus
332 2682 472 2729 auditu
491 2692 582 2724 sunt
599 2681 894 2724 intolerabiles:
916 2681 1016 2724 alios
1032 2682 1079 2724 iis
1092 2681 1283 2736 delectari
1302 2682 1434 2727 video.
