1846 3121
352 135 383 181 2
914 124 1181 178 Praefatio,

354 285 519 341 adjectis
550 298 711 339 quoque
741 283 1039 325 commentariis
1051 284 1092 323 *ἢ
1152 281 1230 322 Me
1250 297 1299 322 ex
1321 280 1368 321 iis
1391 277 1610 335 profecisse
1628 279 1732 322 mul-

357 372 457 409 tum,
475 367 515 399 et
532 356 573 398 in
593 357 741 408 multis,
754 359 804 398 de
819 358 963 413 quibus
979 356 1109 397 minus
1124 365 1232 397 recte
1253 364 1479 404 statueram,
1496 353 1732 395 sententiam

361 442 546 483 mutasse,
567 431 712 472 merito
733 447 779 471 ac
800 432 982 472 lubenter
1003 430 1223 484 profiteor3
1254 437 1394 484 utpote
1424 427 1494 484 qui
1523 427 1634 468 beari
1666 442 1731 468 me

359 506 540 556 sentiam,
562 505 594 545 si
612 520 634 545 a
646 504 890 560 junioribus,
906 505 1034 545 multo
1055 503 1179 556 magis
1205 502 1237 542 si
1266 516 1289 542 a
1312 499 1572 542 familiaribus
1593 508 1634 540 et
1652 497 1732 539 dis-

358 578 502 633 cipulis
522 577 635 629 meis,
654 577 804 632 aliquid
831 576 1004 632 proponi
1031 576 1200 626 videam,
1221 576 1330 629 quod
1350 574 1436 628 ipse
1456 588 1536 614 non
1556 572 1734 613 animad-

359 663 578 703 verteram3
610 660 678 692 aut
698 652 806 706 quod
826 651 968 691 melius
989 666 1034 691 ac
1055 650 1238 691 disertius
1259 655 1460 702 exponant
1480 645 1571 700 ipsi.
1630 644 1733 691 Qnae

360 725 466 766 enim
487 725 571 765 laus
599 724 729 780 major
760 739 845 764 esse
875 732 1007 778 potest
1038 723 1170 764 literas
1202 724 1326 762 bonas
1363 719 1582 774 profitenti,
1613 733 1733 774 quam

361 798 500 838 exiisse
524 813 573 838 ex
593 797 679 853 ejus
700 796 910 852 disciplina
929 796 1040 847 alios,
1061 796 1129 851 qui
1156 797 1205 836 ad
1236 794 1389 850 majora
1420 791 1621 847 progressi
1643 791 1736 842 sint,

363 882 432 913 aut
452 882 622 927 accepta
643 872 693 913 ad
714 871 791 912 alia
812 887 944 913 rerum
964 886 1110 926 genera
1130 867 1425 911 transtulerint?

420 945 527 987 Cum
549 945 742 986 tamenin
766 944 826 985 his
853 944 1029 986 virorum
1060 946 1272 985 doctorum
1304 940 1442 982 studiis
1473 940 1579 980 haud
1610 953 1740 995 pauca

364 1019 730 1069 animadverterem,
761 1012 850 1074 qu'ae
885 1019 1021 1060 solerti
1062 1017 1190 1071 magis
1224 1024 1471 1065 commento,
1506 1028 1626 1069 quam
1658 1029 1738 1055 ser-

364 1094 493 1135 monis
515 1093 651 1135 Graeci
683 1094 834 1134 ratione
864 1103 903 1133 et
938 1093 1072 1132 indole
1105 1106 1148 1132 se
1179 1092 1414 1130 tuebantur:
1455 1087 1585 1128 multo
1613 1088 1742 1141 magis

366 1167 540 1207 intellexi
572 1182 658 1207 esse
690 1166 976 1206 elaborandum
999 1164 1037 1204 in
1059 1179 1123 1213 eo,
1144 1171 1188 1202 ut
1207 1160 1397 1202 orationis
1419 1160 1644 1201 Pindaricae
1663 1161 1742 1201 vim

366 1250 405 1281 et
425 1255 539 1280 usum
562 1239 635 1279 rite
661 1252 904 1292 assequerer,
935 1246 1059 1290 utque
1088 1235 1311 1276 carminum
1332 1232 1545 1275 sententias
1572 1232 1745 1287 singulas

366 1314 471 1353 clare
492 1328 537 1353 ac
557 1311 770 1366 perspicue
789 1320 879 1352 ante
908 1310 1048 1350 oculos
1078 1322 1287 1362 ponerem,
1319 1307 1616 1359 enodaremque
1643 1305 1747 1344 diffi-

367 1384 506 1425 ciliora
532 1384 603 1434 sic,
638 1394 682 1424 ut
717 1393 757 1423 et
790 1382 922 1435 lyricae
957 1379 1147 1421 orationis
1178 1379 1234 1419 vis
1265 1379 1372 1419 haud
1398 1379 1686 1419 obtunderetur
1706 1387 1747 1419 et

367 1457 562 1499 sententia
583 1457 669 1511 ipsa
690 1465 793 1496 esset
814 1465 951 1510 aperta
971 1463 1010 1495 et
1030 1452 1230 1507 expedita.

426 1531 523 1577 Quo
544 1530 584 1570 in
604 1539 751 1571 conatu
777 1529 864 1570 fieri
896 1526 1041 1583 potuit,
1073 1527 1180 1582 quod
1209 1526 1409 1566 interdum
1430 1525 1612 1566 accidere
1633 1527 1746 1576 solet,

372 1613 430 1654 ut,
447 1605 543 1644 dum
564 1603 732 1644 nimium
749 1601 905 1644 subtilis
920 1615 1061 1651 essem,
1075 1598 1264 1654 mihiipsi
1280 1599 1497 1640 nubeculas
1512 1599 1748 1655 objicerem,
1788 1595 1791 1598 ’

371 1679 423 1718 ab
444 1676 530 1718 aliis
550 1675 670 1717 facile
690 1674 980 1730 dispellendas;
1011 1673 1085 1714 etsi
1106 1673 1228 1714 altera
1249 1688 1297 1713 ex
1321 1682 1434 1727 parte
1455 1687 1561 1727 saepe
1583 1672 1750 1715 viderim

373 1750 488 1792 aliter
517 1750 730 1792 sentientes
755 1764 805 1790 ne
834 1763 996 1790 causam
1026 1747 1188 1802 quidem
1222 1746 1464 1788 difficultatis
1496 1761 1585 1801 quae
1624 1747 1752 1788 subsit

375 1823 606 1878 perspicere
635 1824 779 1872 solere,
816 1823 997 1877 adeoque
1024 1836 1096 1861 nec
1127 1820 1293 1871 tollere;
1323 1830 1405 1871 aut,
1425 1820 1750 1875 interpretatione

376 1896 507 1950 aliqua
539 1896 701 1951 rejecta,
736 1910 963 1951 proponere
997 1909 1153 1945 novam,
1193 1909 1279 1949 quae
1311 1904 1446 1934 tamen
1477 1909 1620 1935 novam
1651 1911 1751 1950 quo-

378 1986 456 2025 que
476 1969 841 2024 reprehensionem,
871 1984 989 2023 quam
1017 1983 1096 2008 non
1122 1967 1320 2018 videbant,
1339 1966 1521 2008 haberet.
1582 1966 1753 2020 Interea,

380 2052 424 2084 ut
443 2043 642 2097 graviores
664 2044 803 2083 saltem
820 2057 973 2082 errores
992 2041 1072 2082 sive
1093 2057 1115 2081 a
1136 2057 1200 2081 me
1224 2041 1304 2081 sive
1324 2042 1374 2081 ab
1395 2041 1481 2081 aliis
1500 2041 1754 2092 commissos,

380 2116 589 2157 nominum
621 2126 754 2157 tamen
788 2116 989 2156 mentione
1018 2115 1125 2155 nulla
1159 2115 1278 2164 facta,
1315 2115 1525 2167 diluerem,
1557 2126 1649 2156 ante
1682 2115 1755 2156 hos

383 2200 537 2245 septem
558 2190 618 2230 vel
639 2199 733 2230 octo
754 2204 878 2229 annos
900 2188 1195 2235 Additamento
1216 2187 1384 2241 vulgavi.

443 2265 529 2305 Sub
566 2264 670 2304 idem
705 2273 862 2317 tempus
896 2263 1117 2303 nuntiatum
1151 2272 1222 2309 est,
1258 2261 1430 2302 deficere
1462 2276 1606 2302 excusa
1641 2262 1757 2317 prelo

389 2337 553 2378 Pindari
575 2338 829 2391 exemplaria,
859 2338 912 2377 ita
943 2347 984 2377 ut
1011 2351 1083 2376 nec
1117 2335 1272 2376 scholas
1306 2335 1428 2387 lyrico
1460 2335 1759 2389 interpretando

444 2451 468 2473 ἕ
498 2446 707 2483 Recensum
727 2458 855 2482 eorum
877 2435 1062 2482 'dederunt
1080 2446 1148 2481 viri
1174 2445 1276 2480 docti
1306 2441 1440 2480 Harlus
1471 2442 1651 2480 Biblioth.
1686 2442 1760 2480 Gr.

394 2500 543 2537 Fabric.
577 2501 653 2537 vol.
688 2501 724 2535 ii.
760 2513 798 2547 p.
832 2503 896 2535 ‘202
929 2498 1152 2536 Schummcl.
1211 2496 1484 2544 Blankenburg
1505 2498 1542 2532 in
1564 2498 1694 2532 Addit.
1716 2497 1764 2532 ad

391 2557 531 2591 Sulzer.
591 2552 757 2589 Eminuit
784 2554 882 2589 inter
900 2565 978 2599 eos,
1000 2553 1062 2599 qui
1084 2554 1119 2588 in
1142 2552 1306 2589 Pindaro
1326 2551 1489 2586 studium
1512 2550 1762 2596 collocarunt,

395 2610 450 2643 vir
469 2608 584 2643 felicis
605 2608 743 2655 ingenii
762 2612 799 2642 et
817 2607 925 2642 variis
945 2606 1125 2642 doctrinae
1152 2606 1268 2652 copiis
1297 2604 1484 2648 instructi,
1514 2600 1767 2638 antniccs

397 2661 574 2705 Gznmr,
615 2662 679 2707 qui
718 2672 818 2698 nunc
855 2661 980 2697 iisdem
1018 2660 1147 2707 literis,
1186 2668 1279 2706 quas
1312 2657 1544 2703 excoluerat,
1580 2668 1669 2692 cura
1701 2668 1767 2693 sua

398 2715 541 2752 tuendis
563 2720 706 2762 praeest.
