1846 3121
354 84 427 135 22
911 79 1183 136 Praefatio.

351 234 472 276 deriis
498 235 755 287 satisfaciam,
776 236 845 292 qui
872 239 922 279 ad
947 238 1252 291 intelligendum
1275 247 1315 279 et
1338 236 1617 281 illustrandum
1641 239 1744 281 Pin-

352 309 494 350 darum
529 309 669 364 copias
699 320 857 364 paratas
889 312 1039 352 habere
1067 313 1226 361 volent3
1267 320 1307 352 et
1341 311 1403 359 iis,
1433 312 1501 365 qui
1533 313 1745 354 honestam

350 383 600 436 voluptatem
622 384 735 425 libris
755 385 1039 439 conquirendis
1070 393 1137 425 aut
1160 384 1311 424 notitiis
1342 400 1482 425 eorum
1506 400 1748 439 comparan-

351 454 413 496 dis
443 465 675 509 sequuntur,
707 466 948 510 potestatem
976 458 1139 511 faciam,
1166 465 1209 496 ut
1240 465 1280 497 et
1307 457 1397 510 ipsi,
1419 457 1513 510 quid
1545 457 1584 496 in
1604 459 1744 518 'copiis

351 528 432 568 suis
452 529 638 579 habeant,
658 544 929 582 cognoscere3
961 541 1001 572 et
1021 531 1131 586 quod
1162 546 1183 569 a
1212 545 1276 570 me
1305 530 1552 583 praeteritum
1584 530 1745 583 ignora-

352 614 489 645 tumve
510 603 573 655 sit,
593 605 755 659 explere
777 605 932 659 possint
946 604 987 644 ²³².

351 750 498 801 Πινδάρε
521 752 708 802 Ὀλύμπια.
741 752 873 790 Πύθιοι.
909 751 1034 800 Νέμεσι.
1066 749 1453 798 ”Ϊσθμια.-3ιιό]θσίο
1491 746 1744 797 Callimacho,

430 820 621 870 Dionysio
648 822 692 858 de
721 824 797 858 situ
827 822 931 858 orbis
963 826 1004 857 et
1031 818 1298 869 Lycophronis
1325 819 1566 856 Alexandria
1591 821 1746 866 (omnia,

431 889 604 938 Graece).
666 890 835 927 Venetiis
866 891 904 926 in
936 891 1046 926 aedib.
1070 890 1159 925 Aldi
1179 893 1218 928 et
1240 889 1405 925 Andreae
1426 889 1588 925 Asulani
1608 890 1742 937 soceri,

431 972 558 997 mense
574 959 763 997 ,Ianuario
788 963 902 996 1513.
923 963 959 996 8.
981 960 1050 996 fol.
1075 963 1165 997 373.

405 1028 568 1066 Praefixa
581 1034 637 1066 est
656 1029 746 1065 Aldi
767 1028 934 1065 Manutii
954 1030 1000 1065 ad
1020 1030 1123 1066 And.
1142 1029 1378 1078 Naugerium
1397 1031 1557 1077 epistola
1581 1041 1605 1065 a
1621 1029 1743 1066 Mait-

350 1099 462 1135 tairio
493 1111 647 1145 quoque
675 1098 859 1134 redhibita
882 1098 1024 1132 Annal.
1046 1102 1139 1134 tom.
1160 1100 1199 1134 ii.
1223 1111 1260 1145 p.
1282 1102 1369 1135 148.
1389 1101 1427 1135 in
1447 1111 1521 1145 qua
1542 1099 1740 1147 significat,

350 1169 515 1216 primum
544 1167 646 1202 hunc
672 1177 751 1201 esse
780 1178 801 1200 e
825 1166 1072 1211 scriptoribus
1093 1165 1255 1213 Graecis,
1276 1179 1372 1213 quos
1392 1179 1551 1203 excusos
1572 1169 1743 1204 emittere

351 1235 591 1272 constituerit
607 1233 872 1280 3-Naugerio
911 1244 949 1268 se
992 1234 1197 1271 inscribere
1233 1234 1440 1271 Pindarum
1472 1236 1584 1272 etiam
1620 1248 1742 1284 prop-

351 1307 467 1350 terea,
487 1305 590 1352 quia,
606 1303 744 1350 inquit,
761 1306 812 1339 sic
827 1302 1026 1339 delectaris
1039 1303 1106 1340 hoc
1122 1309 1252 1352 poeta,
1270 1310 1311 1340 ut
1330 1317 1422 1353 sctpe
1437 1317 1521 1341 enm
1537 1310 1606 1341 tua
1625 1318 1740 1342 mmm

351 1378 528 1411 accurate
548 1373 793 1421 descripseris
806 1386 822 1418 ;
847 1378 956 1420 pulo,
979 1378 1022 1410 ut
1038 1375 1112 1410 tibi
1129 1376 1386 1422 magisfieret
1403 1374 1634 1421 familiaris,
1657 1380 1737 1411 tum

350 1449 394 1481 ut
412 1444 645 1480 edisceretur
663 1454 686 1478 (ι
704 1442 911 1489 tefctcz'lz'us
929 1447 967 1479 et
984 1447 1183 1479 teneretur
1197 1446 1382 1479 memoria
1399 1446 1581 1480 tenacius.
1632 1443 1735 1481 Fieri

347 1525 440 1561 ergo
460 1515 599 1559 potest,
618 1516 663 1547 ut
680 1513 777 1547 inter
794 1513 1020 1548 recentiores
1040 1513 1186 1548 codices
1206 1513 1280 1548 sint
1299 1514 1472 1548 nonnulli
1490 1512 1736 1561 Naugeriano

348 1581 492 1617 calamo
522 1581 677 1616 exarati.
737 1579 820 1616 Nec
839 1582 1000 1617 multum
1018 1583 1164 1628 absum,
1186 1582 1277 1627 quin
1298 1582 1345 1617 ad
1376 1582 1459 1627 hos,
1490 1583 1620 1618 saltem
1649 1587 1735 1619 tan.

347 1662 458 1697 quam
479 1650 618 1695 fontes,
642 1649 798 1686 referam
828 1649 1040 1686 Palatinum
1069 1649 1114 1687 C.
1150 1649 1394 1686 Bodleianum
1427 1650 1473 1687 C.
1509 1656 1547 1687 et
1579 1652 1734 1699 Augus-

345 1723 489 1755 tanum.
547 1717 669 1754 Paulo
706 1725 793 1766 post
826 1720 1025 1767 subjungit
1058 1721 1207 1756 Aldus:
1241 1717 1525 1757 Commentario
1545 1726 1671 1757 autem
1693 1723 1734 1757 in

344 1785 561 1826 Pindarum.
590 1794 626 1824 et
655 1794 813 1835 ceteros,
842 1802 934 1837 quos
961 1792 1000 1826 εἱ
1029 1791 1188 1838 adjunxi
1213 1793 1381 1835 comites,
1409 1802 1476 1826 vec
1494 1793 1628 1826 nonin
1650 1789 1732 1827 He-

344 1858 505 1904 siodum,
535 1857 772 1906 Sophoclem,
809 1857 1050 1906 Euripidem,
1081 1857 1327 1908 AEschylum,
1365 1858 1624 1906 Theocritum,
1654 1858 1732 1907 Op-

339 1930 515 1976 pianum,
538 1929 648 1964 brevi
665 1928 798 1964 daturi
815 1940 944 1964 summ
964 1941 1038 1964 uno
1060 1929 1264 1966 volumine.

397 1995 513 2039 Quod
542 1998 717 2032 volumen
747 2010 830 2033 cum
864 1998 945 2033 aliis
974 1999 1066 2034 Aldi
1092 1999 1277 2034 meditatis
1297 1999 1527 2034 intercidisse
1545 1998 1729 2034 dolemus.

344 2063 391 2100 In
419 2063 608 2113 Olympiis
640 2078 724 2101 eum
756 2068 1001 2103 recentiorem
1036 2068 1218 2115 codicem,
1254 2068 1291 2104 in
1324 2066 1470 2117 Pythiis
1503 2072 1542 2104 et
1575 2067 1729 2104 Nemei3

342 2134 455 2181 longe
494 2136 807 2181 praestantiorem,
848 2149 916 2172 nec
953 2138 1075 2173 minus
1106 2142 1282 2183 veterem,
1322 2138 1385 2173 sed
1418 2142 1658 2185 corruptum,
1689 2138 1728 2173 in

342 2201 506 2239 Isthmiis
526 2205 749 2251 expressisse
769 2206 898 2251 videri,
916 2208 993 2255 jam
1016 2208 1053 2243 in
1072 2207 1297 2255 praefatione
1314 2209 1457 2243 monui.

340 2270 725 2321 HavSoZgae—(Graece)
763 2273 946 2323 Impressi
978 2289 1054 2326 per
1087 2275 1318 2312 Zachariam
1352 2273 1509 2323 Calergi
1544 2276 1620 2322 (ita
1653 2286 1726 2322 pro

413 2340 606 2391 Caffiergi,
625 2343 815 2392 Καλλιξργδ»
836 2357 858 2381 a
874 2346 1088 2394 καλλιέςγης)
1110 2343 1421 2383 Cretensem—in
1441 2346 1550 2381 aedib.
1569 2345 1724 2392 Augus-

387 2451 412 2474 *
444 2450 620 2487 Poteram
650 2452 751 2489 sorte
777 2467 893 2501 opera
924 2455 993 2489 hac
1023 2467 1124 2490 nunc
1145 2455 1402 2501 supersedere,
1425 2455 1649 2490 remittendo
1669 2455 1720 2490 le.-

339 2506 480 2538 ctorem
499 2505 543 2539 ad
575 2505 845 2542 Bibliotliecam
875 2506 1049 2542 Graecam
1084 2506 1347 2543 Fabricianam
1376 2520 1397 2542 a
1418 2506 1467 2543 V.
1494 2507 1552 2543 Cl.
1586 2506 1720 2543 Harles

338 2554 623 2604 locupletatam,
653 2563 729 2594 tom
760 2560 796 2594 ii.
827 2572 864 2606 p.
896 2562 957 2594 68.
981 2570 1060 2605 sqq.
1120 2559 1212 2595 Visa
1230 2565 1352 2595 tamen
1374 2572 1429 2596 res
1449 2565 1503 2595 est
1524 2572 1606 2595 cum
1629 2572 1719 2596 con-

338 2608 420 2642 silio
440 2616 572 2644 nostro
591 2611 643 2645 ita
661 2611 882 2657 conjuncta,
913 2616 953 2646 ut
984 2612 1108 2647 omitti
1137 2613 1199 2647 vix
1236 2618 1388 2660 posset3
1419 2620 1455 2648 et
1487 2613 1721 2659 subjicienda

337 2671 380 2696 ac
401 2662 623 2709 corrigenda
640 2670 747 2699 erant
767 2665 963 2710 nonnulla,
987 2676 1068 2710 quae
1089 2666 1213 2701 locum
1233 2678 1342 2702 suum
1362 2667 1636 2703 desiderabant.
