1846 3121
389 155 462 203 34
901 148 1172 202 Praefatio.

391 305 653 353 Ὀλυμπιονῖκαι.
710 301 735 340 1
762 302 949 341 Vincitorz·
970 303 1149 353 Olimpici
1174 303 1215 339 di
1241 299 1430 348 Pindaro,
1450 300 1615 338 trudoni
1630 303 1671 338 in
1690 297 1771 337 Ita-

470 371 572 409 liane
594 369 765 410 Canzom·
785 374 834 410 ed
857 373 1047 410 illustrati
1063 386 1132 410 con
1155 371 1311 422 postille
1328 371 1378 407 da
1397 369 1646 407 Giunbatista
1664 369 1772 407 Gau-

469 444 569 479 tier.
616 441 664 479 In
694 442 833 490 Roma,
867 445 981 479 1762.
1014 447 1053 478 et
1078 439 1289 482 Πυθιονῖκαι,
1314 442 1428 475 1765.
1451 442 1489 475 8.
1516 439 1608 487 maj.
1629 437 1775 475 Graecis

471 522 518 547 ex
538 512 696 548 adverso
714 513 909 559 appositis.

447 579 689 617 Ornamentis
708 581 854 617 libellus
875 579 1158 629 typographicis
1177 580 1329 627 insignis
1348 584 1403 615 est
1418 592 1429 624 3
1451 591 1519 615 nec
1538 579 1641 615 deest
1658 578 1777 614 inter-

394 650 597 696 pretationi
616 651 800 699 elegantia
819 662 910 695 sna3
940 650 1004 686 sed
1028 648 1174 686 Graecae
1202 648 1374 685 lectionis
1393 647 1583 684 interdum
1599 658 1648 683 ne
1665 645 1779 683 vesti-

394 719 455 766 gia
472 719 620 765 quidem
639 720 676 755 in
697 719 797 756 Italo
817 719 1028 767 interprete
1044 719 1182 765 videas,
1213 717 1278 764 qui
1304 717 1459 752 omnino
1477 728 1522 752 ex
1540 714 1679 751 Latina
1695 726 1779 751 ver.

394 789 501 825 sione
528 792 566 824 et
591 801 638 825 ex
665 790 849 826 Adimaro
877 801 1009 838 sapere
1035 788 1197 824 videtur.
1253 784 1452 822 Laudatur
1481 789 1605 821 tamen
1632 784 1780 821 libellus

396 858 567 893 certatim
595 859 644 894 ab
674 858 793 895 Italis.
820 857 871 895 V.
900 858 1072 906 Argelati
1099 856 1311 892 Biblioteca
1339 855 1437 902 degli
1464 853 1780 901 Volgarizzatori.

397 925 615 974 Addizioni,
637 931 729 964 tom.
755 940 791 963 v.
821 940 856 975 p.
879 929 969 964 614.
992 928 1083 963 764.
1139 926 1237 963 Sunt
1267 929 1451 973 praeterea
1479 923 1558 960 Odi
1586 922 1714 960 scielte
1745 923 1787 958 di

400 993 576 1032 Pindaro
595 996 636 1032 de·
652 994 762 1033 Gius.
784 995 950 1033 Mazara:
970 995 1124 1042 Sassari,
1149 997 1264 1031 1776.

452 1062 634 1112 Gallicas,
655 1066 765 1102 etiam
786 1066 1017 1113 singularum
1043 1064 1228 1110 Odarum,
1257 1064 1601 1111 interpretationes,
1621 1073 1706 1099 cum
1724 1062 1784 1109 iis,

399 1145 481 1179 quae
501 1134 539 1169 in
559 1133 848 1170 Commentariis
873 1134 1086 1169 Academiae
1119 1132 1298 1180 Inscript.
1331 1138 1371 1169 et
1401 1131 1573 1180 Elegant.
1603 1131 1698 1168 Litt.
1720 1144 1784 1168 oc-

400 1206 577 1248 currunt,
598 1201 725 1237 videre
744 1202 833 1236 licet
849 1213 914 1247 ap.
934 1201 1039 1236 Abb.
1061 1200 1249 1237 Guietum
1269 1200 1539 1248 Bibliotheque
1558 1200 1784 1252 Franqoise,

402 1274 492 1305 tom.
513 1271 563 1305 iv.
585 1282 622 1316 p.
646 1271 737 1305 249.
796 1269 893 1305 Inde
920 1281 982 1305 an.
1017 1272 1134 1307 1754.
1163 1268 1243 1306 Les
1268 1269 1512 1319 Offlmpiques
1531 1270 1576 1306 de
1594 1269 1784 1316 Ρὶηάανε,

400 1338 502 1374 trad.
522 1350 600 1387 par
615 1336 697 1374 ,Mr-
717 1338 762 1374 de
779 1335 911 1387 Sozzy.
937 1342 997 1375 12.
1019 1340 1209 1385 prodiere,
1231 1340 1331 1376 unde
1346 1339 1566 1387 specimina,
1588 1352 1673 1375 cum
1693 1351 1785 1387 poe.

402 1412 449 1444 toe
477 1407 655 1444 adversus
686 1408 961 1444 obtrectatores
989 1409 1219 1456 defensione,
1241 1410 1381 1445 inserta
1407 1409 1565 1445 vidimus
1593 1410 1632 1445 in
1659 1409 1788 1445 libello

402 1488 481 1512 non
501 1476 732 1523 ineleganter
751 1478 894 1524 scripto
913 1489 923 1513 :
955 1476 1140 1515 Discours
1167 1490 1235 1515 sur
1260 1478 1301 1514 la
1319 1476 1456 1515 Poesie
1472 1478 1633 1528 lyrique.
1668 1477 1787 1515 Paris.

408 1548 526 1582 1761.
553 1549 612 1582 12.
652 1548 829 1592 (auctore
842 1545 922 1583 Mr.
944 1545 1110 1584 Gossart
1121 1548 1184 1594 *.)

457 1613 661 1661 Superiore
689 1627 790 1652 anno
815 1616 892 1652 duo
910 1617 1134 1664 interpretes
1154 1615 1294 1653 Gallici
1314 1617 1520 1653 extiterunt
1538 1615 1704 1664 Parisiis,
1724 1617 1790 1662 qui

404 1685 578 1721 certatim
605 1686 701 1722 alter
728 1687 774 1722 ad
803 1687 957 1722 verbnm
982 1686 1284 1734 interpretando,
1304 1686 1401 1722 alter
1417 1685 1621 1721 sententias
1636 1686 1792 1722 omnino

408 1754 613 1802 reddendo,
629 1755 667 1791 in
688 1753 854 1792 Pindaro
874 1756 1059 1792 vertendo
1076 1761 1115 1792 et
1132 1756 1358 1792 illustrando
1378 1755 1623 1792 desudarunt.
1679 1755 1791 1792 Alter

407 1827 464 1858 est
484 1820 703 1871 Chabanon,
725 1825 938 1862 Academiae
969 1823 1066 1873 Reg.
1096 1824 1219 1861 Inscr.
1248 1828 1287 1860 et
1314 1822 1488 1871 Elegant.
1509 1822 1602 1860 Litt.
1632 1822 1792 1870 Sodalis,

408 1893 487 1940 qui,
504 1904 587 1939 quae
608 1894 768 1940 primum
786 1895 824 1929 in
846 1893 1135 1931 Commentariis
1148 1892 1375 1940 (Memoires
1399 1893 1445 1929 de
1472 1892 1706 1929 l’Academie
1729 1893 1793 1929 des

409 1960 444 1998 Ι.
465 1967 503 1998 et
520 1961 566 1998 B.
588 1961 658 2010 L.)
679 1969 770 2000 tom.
792 1965 910 2000 xxxii.
931 1968 970 2001 et
987 1976 1099 2000 xxxv.
1123 1964 1309 2010 vulgara-t,
1330 1962 1526 2009 superiore
1545 1973 1646 1998 anno
1666 1963 1795 2011 singu-

411 2031 481 2067 lari
508 2032 635 2068 libello
663 2033 807 2069 emisit:
844 2030 924 2069 Les
950 2032 1050 2069 Odes
1076 2031 1286 2081 Pythiques
1313 2032 1358 2069 de
1385 2031 1573 2079 Pindum,
1605 2032 1795 2070 traduites

411 2112 502 2137 avec
529 2099 593 2137 cles
620 2099 871 2151 Remarques.
912 2102 998 2139 Par.
1023 2105 1137 2139 1772.
1168 2105 1206 2138 8.
1236 2104 1427 2149 praemissa.
1453 2103 1711 2150 disputatione
1733 2114 1796 2139 su-

415 2181 481 2217 per
500 2171 664 2206 carmine
683 2171 804 2220 lyrico
832 2177 870 2208 et
895 2171 1110 2209 Pindarico.
1167 2170 1264 2208 Cum
1285 2178 1410 2208 essent
1426 2172 1525 2207 inter
1543 2169 1693 2218 Gallos,
1713 2172 1796 2217 qui-

415 2239 485 2274 bus
503 2251 546 2275 ea
565 2240 688 2275 versio
707 2241 753 2275 ad
771 2242 927 2277 verbum
947 2241 1049 2277 facta.
1077 2241 1261 2287 nimisque
1288 2240 1468 2277 adstricta
1486 2238 1634 2275 Graecis
1653 2239 1797 2276 videre.

415 2314 477 2342 tur
491 2319 503 2351 3
534 2309 709 2344 suecessit
736 2310 830 2345 alius
856 2311 912 2346 vir
938 2310 1087 2356 doetus,
1111 2310 1176 2355 qui
1206 2311 1382 2346 liberiore
1407 2309 1541 2356 spiritu
1572 2308 1713 2355 efferri,
1742 2313 1795 2354 et,

414 2377 606 2413 sententiis
632 2378 679 2412 ad
698 2376 855 2415 Gallicae
885 2380 1068 2415 orationis
1095 2380 1244 2425 genium
1273 2378 1470 2423 revocatis,
1500 2376 1687 2413 Pindarici
1717 2388 1798 2413 car-

416 2446 523 2480 minis
550 2446 623 2481 vim
654 2448 799 2493 assequi
827 2448 944 2483 videri
970 2447 1092 2482 voluit
1119 2448 1218 2482 libro
1247 2447 1347 2482 hoc:
1379 2444 1498 2482 Essaz·
1523 2458 1592 2482 sur
1610 2444 1797 2482 Pindare.

416 2509 631 2552 Contenant
658 2528 730 2552 une
757 2516 977 2553 traduction
1003 2516 1047 2551 de
1074 2515 1248 2563 quelques
1275 2514 1520 2551 odes—avec
1537 2527 1610 2551 une
1628 2515 1797 2564 Analyse

462 2656 480 2673 ³⁸
505 2656 692 2697 Diligentius
714 2659 782 2690 haec
812 2668 897 2689 nunc
922 2657 1064 2698 exposita
1094 2663 1166 2688 sunt
1188 2658 1227 2688 ab
1252 2657 1394 2688 Harlesio
1419 2657 1451 2688 iu
1483 2657 1566 2689 Bibl.
1584 2657 1640 2690 Gr.
1666 2664 1742 2689 tom.
1768 2658 1796 2689 ii.

419 2723 451 2754 p.
469 2717 520 2745 75.
539 2725 582 2755 sq.
