1846 3121
584 119 855 175 Praefatio.
1381 131 1451 179 95

61 276 111 319 P.
259 289 334 331 per
352 275 456 318 Phil.
480 276 808 317 Melanclztlwnem
831 273 1050 313 Latinitate
1076 276 1233 326 donata,
1257 277 1438 329 Rasum,

133 363 210 402 per
228 349 297 388 J0.
318 350 549 400 oporinum,
575 352 692 386 1558.
715 352 751 384 8.

113 422 230 470 Casp.
253 421 409 459 Peuceri
427 419 603 468 praefatio
623 418 753 464 docet,
782 419 927 454 calamo
955 427 1035 454 esse
1066 424 1147 453 eam
1175 421 1371 465 exceptam
1401 420 1449 455 ab

61 493 237 530 auditore
256 493 294 529 in
313 491 451 528 scholis
470 502 493 526 a
509 489 812 526 Melanehthonc
830 489 983 526 habitis.

184 561 332 610 Graece,
354 564 434 598 sine
455 559 581 597 Schol.
599 558 764 606 Parisiis,
780 560 880 606 apud
896 557 1143 594 Guilielmum
1162 555 1388 604 Morellum,
1410 557 1448 595 in

140 629 287 669 Graecis
308 627 594 680 typographum
613 624 790 677 Regium.
816 628 932 665 1558.
953 630 992 665 4.

109 701 311 750 Splendida
329 700 467 737 editio:
498 699 544 735 ad
565 698 873 735 Brubachianum
890 698 1094 746 exemplar,
1115 696 1179 733 sed
1198 707 1221 733 a
1239 697 1323 734 viro
1340 697 1448 735 valde

55 772 218 820 erudito,
241 782 351 818 quem
378 771 502 818 ipsum
530 768 739 806 Moreuum
766 768 880 805 fuisse
907 768 1033 803 nullus
1062 767 1212 814 dubito,
1234 778 1312 803 esse
1331 779 1442 804 cura-

54 844 130 878 tam
149 838 329 889 intellexi,
351 839 608 877 Cratandrino
628 843 752 875 tamen
771 838 976 886 exemplari
995 849 1075 874 non
1092 837 1276 873 adhibito.

107 909 323 947 Editionem
342 908 415 946 Gr.
437 921 522 945 cum
541 907 665 945 Schol.
694 907 811 945 Paris.
842 908 1008 956 ejusdem
1036 907 1125 944 anni
1151 910 1337 944 memorat
1364 904 1442 943 Fa.

52 978 209 1027 bricius,
231 990 429 1027 perperam
448 982 487 1015 et
504 979 593 1025 hoc,
615 979 795 1015 arbitror.

108 1047 203 1085 Odae
233 1049 426 1085 nonnullae
454 1050 502 1086 ad
532 1053 653 1086 metra.
682 1049 842 1084 redactae
877 1048 1122 1096 reperiuntur
1158 1047 1198 1082 in
1241 1046 1341 1082 libro
1386 1042 1443 1081 De

50 1118 257 1166 generibus
270 1120 482 1155 carminum
497 1117 738 1163 Graecorum,
757 1115 908 1155 Renato
924 1115 1120 1154 Guillonio
1136 1119 1305 1154 auctore.
1321 1114 1438 1151 Paris.

55 1187 181 1224 Andr.
201 1186 372 1223 WVechel.
398 1190 512 1224 1560.
533 1190 572 1224 4.

107 1258 332 1294 Accedimus
351 1258 398 1294 ad
416 1257 686 1306 Stephanianas
705 1255 899 1294 editiones.

53 1325 483 1363 Pindari—ceterorum
521 1331 603 1362 octo
635 1326 842 1374 lyricorum
877 1321 1291 1361 carmina—nonnulla
1323 1327 1439 1362 etiam

131 1397 308 1433 aliorum.
364 1394 505 1432 Omnia
533 1394 667 1431 Groece
691 1399 729 1431 et
748 1391 904 1431 Latine.
963 1392 1132 1430 Pindari
1162 1396 1437 1443 interpretatio

131 1479 231 1504 nova
257 1470 314 1502 est
343 1477 461 1514 eaque
495 1466 548 1502 acl
586 1460 1042 1502 verbum—Excadebat
1074 1461 1195 1498 Henr.
1227 1461 1438 1510 Stephanus

131 1534 339 1574 Haldrichi
350 1533 527 1583 Faggeri
543 1533 806 1583 typographus
819 1531 1010 1580 (Parisiis)
1030 1542 1133 1568 anno
1152 1532 1269 1567 1560.
1290 1531 1438 1567 octonis

130 1608 285 1644 minoris
305 1605 453 1654 formae,
475 1617 539 1642 seu
565 1607 625 1641 16.

103 1675 162 1715 De
187 1678 243 1714 his
273 1675 378 1714 conf.
408 1674 635 1724 Stephanor.
656 1676 789 1713 histor.
819 1689 859 1725 p.
880 1678 972 1713 246.
1029 1670 1126 1711 Phil.
1147 1672 1440 1711 Melanchthoni

48 1752 137 1785 sunt
165 1748 362 1797 inscripta,
394 1747 461 1794 qui
492 1747 622 1783 eodem
654 1758 756 1783 anno
796 1750 858 1783 19.
901 1745 1046 1793 Aprilis
1076 1744 1183 1780 obiit.
1242 1742 1290 1779 In
1316 1742 1438 1778 altero

50 1824 153 1856 tomo
188 1822 274 1866 post
313 1817 507 1854 Alcmanis
551 1817 763 1865 fragmenta
798 1813 946 1863 Πινδοίςε
979 1814 1062 1863 μέλη
1094 1816 1322 1860 sequuntur,
1353 1823 1436 1859 quae

48 1890 151 1925 nulla
169 1890 243 1926 alia
261 1892 350 1925 sunt
369 1900 481 1935 quam
500 1886 723 1935 fragmenta.

99 1959 284 1996 Successit
302 1956 436 1995 Editio
463 1961 501 1994 Ξ.
530 1954 836 1994 Graeco-Latina
866 1954 918 1991 H.
949 1953 1145 2002 Stephani,
1172 1953 1434 2001 recognitione

45 2030 284 2079 quorundam
322 2030 657 2078 interpretationis
694 2028 863 2063 locorum
900 2029 938 2061 et
979 2026 1189 2060 accessione
1224 2023 1434 2071 lyricorum

44 2102 257 2137 carminum
289 2096 534 2147 locupletata,
554 2106 616 2133 an.
647 2100 762 2132 1566.
784 2095 866 2132 ead.
886 2094 915 2131 f.
938 2093 1100 2142 (Paris.)
1157 2091 1252 2136 Qnae
1274 2097 1365 2128 tom.
1388 2092 1427 2128 ii.

46 2184 84 2219 p.
117 2168 343 2206 433—463.
378 2169 478 2216 (non
510 2168 623 2215 566.)
654 2166 828 2215 subjecfa
861 2169 964 2213 sunt,
995 2165 1033 2201 in
1061 2164 1132 2200 hac
1162 2164 1324 2212 primum
1344 2163 1433 2200 edit.

44 2244 296 2278 accesserunt.

97 2308 175 2348 Ed.
200 2313 235 2346 3.
258 2318 342 2346 cum
363 2307 414 2345 Is.
437 2302 658 2346 Casaaboiti
674 2305 831 2354 notulis,
853 2302 968 2341 1586.
991 2313 1084 2351 quas
1115 2301 1231 2340 miror
1258 2302 1298 2339 in
1329 2313 1432 2348 seqq.

44 2380 130 2420 edd.
163 2393 242 2418 non
277 2390 356 2416 esse
389 2380 580 2427 repetitas.
639 2376 813 2413 Eminere
841 2385 922 2411 cam
955 2375 1053 2410 inter
1084 2373 1355 2421 Stephanianas
1383 2371 1436 2406 ait

45 2450 184 2488 Gotth.
223 2449 389 2490 Fridem.
430 2447 570 2485 Loeber
610 2448 647 2483 in
695 2445 832 2482 Exere.
870 2445 955 2481 crit.
1000 2444 1039 2479 in
1078 2442 1234 2478 Pindari
1270 2440 1429 2490 Olymp.

46 2519 155 2557 Oden
175 2519 225 2556 xi.
247 2517 337 2557 Jen.
359 2518 473 2556 1743.
493 2516 557 2555 sed
577 2521 631 2555 est
652 2517 717 2552 illa
732 2515 779 2552 ad
797 2515 955 2551 verbum
975 2523 1150 2560 expressa
1163 2522 1209 2547 ex
1228 2510 1318 2546 edit.
1340 2513 1379 2546 2.

99 2587 176 2624 Ed.
198 2587 519 2626 4.—Excudebat
546 2585 697 2623 Paulas
727 2585 947 2635 Stephanus
975 2596 1038 2620 an.
1074 2584 1190 2617 1600.
1221 2580 1346 2617 iisdem
1372 2580 1432 2615 fo-

45 2661 181 2696 {iorum
212 2660 376 2696 numeris
409 2670 587 2705 expressa
620 2661 676 2694 est
710 2669 756 2693 ex
789 2655 965 2696 secunda.
1025 2652 1161 2690 Habeo
1191 2653 1230 2689 in
1261 2652 1434 2688 manibus

733 2739 753 2761 (3
