1846 3121
649 133 919 186 Praefatio.
1402 137 1474 186 35

94 288 294 328 raisonnc‘e
313 293 352 326 et
378 290 442 326 des
459 286 581 326 Notes
605 288 849 337 historiques,
866 286 1078 333 poe-tiques,
1098 287 1137 320 et
1153 285 1475 331 grammaticales.

93 357 154 395 Le
169 364 255 396 tout
274 358 433 408 precede
460 359 553 395 d’un
570 357 758 395 Discoars
777 368 846 393 sur
863 355 1038 394 Pindare
1055 361 1092 393 et
1112 367 1180 392 sur
1197 356 1236 391 la
1262 359 1369 392 vraie
1397 370 1476 394 ma.

93 427 199 465 wibre
218 428 262 464 de
280 428 316 465 le
334 428 522 465 truduz‘re.
579 426 666 464 Par
683 426 764 464 Mr.
786 425 1028 474 Vauvilliers,
1049 424 1218 463 Lecteur
1235 430 1273 462 et
1294 424 1405 473 Prof.
1429 425 1475 463 R.

89 508 192 545 pour
208 497 250 536 la
268 495 432 545 Langue
451 496 636 545 Grecque.
675 496 762 533 Par.
788 499 902 533 1772.
925 500 963 532 8.

147 565 355 604 Probamus
374 567 575 603 doctorum
590 568 758 603 virorum
773 566 953 613 studium,
970 564 1150 602 sermonis
1171 565 1283 613 patrii
1300 576 1479 614 amorem,

89 634 301 683 judiciique
333 637 573 684 elegantiam,
608 637 645 672 in
676 636 799 672 altero
834 636 944 672 etiam
981 635 1265 683 grammaticum
1293 645 1477 672 acumen:

91 705 157 741 sed
176 706 359 742 nollemus
378 718 510 741 vanam
532 705 703 741 consumi
728 716 882 752 operam
911 705 949 740 in
980 704 1244 740 transferendo
1275 716 1322 740 eo
1351 708 1479 752 poeta,

93 774 158 820 qui
177 775 283 810 nullo
301 775 415 811 modo
435 775 510 810 alia
534 775 664 822 lingua
686 774 791 810 reddi
811 777 960 821 potest3
993 774 1113 809 multo
1133 774 1255 809 minus
1275 785 1319 809 ea
1337 774 1479 821 lingua,

92 855 176 890 quae
198 843 365 880 omnium
391 844 550 880 maxime
577 855 600 879 a
628 841 827 879 Pindarica
849 843 899 890 vi,
920 843 1090 891 audacia,
1111 847 1150 879 et
1168 843 1397 879 sublimitate
1414 843 1480 878 ab.

91 911 238 949 horret.

146 981 255 1019 Inter
275 981 482 1019 Britannos
501 980 655 1018 Gilbert
678 979 816 1020 Westiz·
841 982 1106 1030 interpretatio
1125 980 1297 1018 Odarum
1315 984 1482 1020 nonnul.

92 1052 213 1088 larum
245 1050 424 1101 (Olymp.
452 1052 476 1088 i.
506 1052 544 1087 ii.
572 1052 623 1088 iii.
652 1064 686 1088 v.
708 1052 770 1088 vii.
790 1052 842 1088 xi.
863 1053 928 1089 xii.
949 1053 1024 1089 xiv.
1054 1051 1170 1101 Pyth.
1192 1053 1217 1089 i.
1248 1051 1361 1089 Nem.
1382 1053 1406 1090 i.
1430 1055 1480 1090 xi.

94 1120 226 1158 Isthm.
246 1122 308 1168 ii.)
328 1120 454 1158 Lond.
481 1124 595 1158 1749.
618 1125 654 1158 8.
677 1123 832 1159 celebris
850 1123 1038 1159 habetur:
1070 1124 1132 1159 cui
1159 1124 1336 1159 successit
1355 1122 1480 1159 Henr.

94 1189 163 1227 Jo.
192 1189 275 1239 Pye
304 1194 342 1226 et
369 1189 446 1226 Ed.
477 1189 668 1239 Bzcrnaby
695 1189 823 1227 Green
851 1192 965 1227 docta
994 1202 1111 1238 opera
1137 1192 1176 1228 in
1205 1196 1289 1228 toto
1316 1191 1483 1229 Pindaro

95 1259 340 1296 redhibendo.
397 1258 469 1295 Sed
487 1270 556 1295 nec
573 1258 640 1295 has
658 1271 727 1295 nec
747 1257 1008 1307 Germanicas,
1032 1272 1123 1307 quas
1143 1260 1336 1308 habemus,
1365 1262 1482 1298 inter.

98 1329 328 1377 pretationes
347 1332 524 1364 excutere
549 1331 587 1363 et
615 1339 834 1374 comparare
852 1330 939 1364 satis
958 1330 1155 1376 diligenter
1173 1330 1293 1375 licuit,
1316 1333 1358 1366 ut
1377 1332 1483 1376 quic.

96 1409 207 1445 quam
225 1397 272 1433 de
290 1397 333 1432 iis
352 1400 438 1432 tuto
457 1396 706 1443 pronuntiare
722 1398 840 1432 ausim
854 1399 892 1433 ’ἢ
950 1396 1009 1432 Ex
1040 1397 1215 1444 Dammii,
1246 1398 1316 1433 viri
1343 1399 1484 1436 doctis-

92 1467 190 1515 simi,
212 1466 328 1503 totius
348 1468 470 1512 poetae
497 1466 813 1512 interpretatione
841 1479 920 1503 non
951 1467 1086 1502 dubito
1113 1467 1340 1504 adminicula
1366 1469 1483 1505 inter.

96 1536 319 1584 pretationis
339 1535 525 1571 nonnulla
553 1536 688 1582 passim
717 1537 795 1583 peti
824 1548 945 1584 posse,
976 1536 1004 1572 si
1033 1537 1115 1583 quis
1147 1537 1185 1571 in
1219 1537 1391 1573 subsidiis
1419 1550 1484 1574 ex-

96 1605 211 1642 ternis
239 1605 357 1641 bonas
390 1605 504 1641 horas
532 1604 704 1653 perdere,
738 1618 807 1642 nec
838 1617 886 1642 ex
922 1606 1006 1653 ipso
1043 1605 1170 1652 potius
1209 1610 1324 1653 poeta
1354 1618 1486 1654 sapere

97 1674 283 1711 maluerit.

151 1742 321 1780 Omnino
352 1742 539 1790 equidem,
573 1744 638 1790 qui
674 1744 821 1781 laudem
855 1757 1035 1781 summam
1066 1745 1192 1781 studio
1225 1744 1313 1782 huic
1340 1746 1484 1796 tribuo,

98 1824 268 1861 operam,
298 1812 337 1848 in
365 1812 488 1861 lyrico
519 1816 633 1860 poeta
659 1813 697 1849 in
728 1816 890 1860 patrium
910 1827 1117 1852 sermonem
1138 1815 1416 1865 transferendo,
1435 1818 1484 1865 ei,

98 1882 164 1930 qni
179 1894 260 1918 eam
279 1881 457 1929 suscepit,
478 1881 587 1918 video
606 1894 684 1919 esse
702 1895 811 1930 posse
828 1886 942 1933 longe
963 1885 1192 1922 utilissimam
1211 1886 1259 1922 ad
1276 1898 1486 1925 sermonem

100 1953 263 2001 patrium
294 1952 514 1999 poliendum
545 1956 582 1989 et
616 1953 842 2002 ornandum,
874 1956 1151 2002 poeticamqne,
1181 1955 1338 2004 lyricam
1365 1956 1486 2003 inpri-

98 2023 180 2071 mis,
203 2023 412 2059 orationem
438 2023 761 2070 locupletandam,
790 2024 838 2060 ad
867 2023 1105 2060 excitandum
1124 2035 1169 2060 ae
1190 2023 1407 2072 fingendum
1426 2026 1484 2061 in.

99 2093 396 2139 struendumque
426 2093 648 2141 ingenium3
690 2095 830 2130 factam
863 2097 987 2130 autem
1018 2092 1098 2140 jam
1131 2094 1342 2132 versionem
1374 2095 1486 2132 etiam

99 2163 246 2202 consuli
276 2166 379 2199 recte
409 2175 517 2210 posse
548 2165 596 2200 ab
625 2176 687 2212 eo,
720 2165 786 2211 qui
813 2164 937 2210 ipsum
971 2166 1120 2210 poetam
1149 2163 1265 2211 legat,
1291 2164 1487 2211 partimin

100 2233 254 2281 singulis
281 2232 398 2278 locis;
433 2233 463 2268 si
491 2233 605 2269 modo
631 2233 715 2280 ipsa
743 2236 866 2280 poetae
895 2232 1081 2268 sententia
1113 2243 1290 2279 expressa
1315 2233 1378 2280 sit,
1407 2244 1487 2270 non

98 2303 186 2351 alia,
207 2306 252 2338 ut
274 2313 376 2349 saepe
396 2301 450 2348 fit,
469 2302 508 2338 in
528 2302 610 2350 ejus
630 2303 756 2339 locum
775 2302 978 2339 substituta
994 2314 1005 2346 ;
1037 2301 1174 2349 partim
1193 2302 1241 2338 ad
1266 2303 1384 2339 totius
1404 2314 1487 2339 car-

101 2373 208 2410 minis
225 2375 457 2409 structuram
478 2377 586 2410 tanto
604 2372 751 2409 facilius
770 2370 1065 2419 perspiciendam
1084 2383 1095 2415 ;
1123 2371 1240 2407 lineas
1269 2382 1423 2418 quoque
1449 2375 1490 2408 et

102 2443 272 2478 umbram
303 2442 437 2479 formae
473 2446 720 2489 assequentur
755 2442 842 2479 inde
868 2442 954 2489 valii,
984 2441 1120 2487 quibus
1149 2439 1335 2478 Venerem
1368 2441 1489 2488 ipsam

101 2511 202 2549 haud
220 2511 346 2549 videre
365 2512 541 2558 licuerit3
572 2512 636 2549 sed
662 2512 761 2560 sore,
789 2516 833 2548 ut
864 2512 1067 2560 populares
1091 2511 1212 2548 nostri
1231 2509 1384 2548 Pindari
1399 2522 1488 2559 gus-

145 2649 164 2668 *
188 2650 384 2681 Enumeratae
410 2651 458 2681 hae
483 2650 641 2681 versiones
664 2655 738 2682 sunt
758 2649 791 2681 in
816 2650 927 2681 eadem
944 2649 1098 2682 Biblioth.
1119 2649 1176 2681 Gr.
1200 2650 1240 2681 ab
1263 2648 1406 2682 Harlesio
1427 2648 1447 2680 l.
1465 2648 1486 2680 1.

106 2717 136 2746 p.
153 2711 205 2743 ⁷6,
219 2711 271 2739 77.
289 2715 322 2740 et
338 2720 356 2739 a
372 2709 610 2750 Blankenburg.
629 2711 669 2740 ad
686 2709 802 2741 Sulzer.

761 2768 823 2805 1²2
