1846 3121
653 148 886 203 Carmen
937 152 1017 204 ΙΙ.

1396 162 1499 218 195

253 297 317 339 Πε
302 313 494 359 ξιοὊ-ας,
524 312 579 340 svs
568 287 764 375 ποξξεν
750 289 822 338 ε’λ-

327 386 402 419 κος
427 361 651 428 οδυναρον
635 363 686 430 ef}
711 360 896 430 πρόσθε
922 362 1096 432 καρδία,

250 436 388 501 Πριν
379 435 460 482 o'o-oc
488 433 671 501 φροντίδι
696 435 994 502 μαχανῶνται
1021 458 1131 498 τυχε
1135 437 1186 484 Tu.

248 504 384 572 Φέρειν
409 506 443 554 δ’
468 503 674 573 ἐλαφρῶς

249 574 534 640 Ἐπαυχὲνιον
560 577 757 628 MCovm

243 649 382 713 Ζυγον
408 651 454 713 γ’
481 672 615 718 caenys
600 673 649 699 t.

244 719 442 790 Λακτιζὲ
426 744 497 790 με
483 745 537 779 ν,
564 744 607 772 τε
595 720 721 772 λέθε
708 746 739 773 ι

96 909 237 958 ubique
255 911 424 959 ἔλκόμενος.

94 960 270 1000 Romana
291 965 375 1000 edd.
397 964 599 1000 exhibent:
631 966 850 1012 μηχανῶνται.

728 653 837 699 Hora
865 674 910 700 κε
896 674 1022 720 ντξον
1048 649 1088 700 δέ
1113 674 1175 701 τοι

481 909 611 946 Movit
630 912 732 948 viros
759 912 910 956 doctos,
942 910 1044 957 quod
1074 923 1163 947 mox
1194 924 1321 949 omnes
1351 914 1436 949 inde
1463 926 1486 949 a

909 964 1062 1000 Sensum
1082 977 1175 1002 vero
1203 979 1280 1003 non
1310 968 1482 1013 eliciunt,

92 1016 158 1051 sed
178 1021 355 1062 tanquam
384 1016 545 1052 fidiculis
573 1018 790 1062 exprimunt
826 1017 1066 1064 interpretes,
1098 1020 1203 1063 quod
1232 1032 1308 1055 non
1337 1021 1480 1066 vident,

91 1065 250 1104 ἕλκεσθαι
269 1069 314 1105 de
333 1069 544 1115 libripende
559 1069 727 1104 dictum.
759 1070 846 1105 dum
865 1071 964 1105 enim
994 1069 1146 1105 invidus
1171 1076 1350 1120 tanquam
1373 1085 1411 1108 m
1432 1073 1481 1107 ίε-

93 1118 166 1154 bra
184 1124 350 1157 trutinat
369 1123 482 1167 bona,
504 1133 585 1167 quae
603 1121 691 1156 aliis
710 1133 747 1156 ez
746 1125 904 1168 cnizcnt,
926 1122 1032 1157 lance
1052 1123 1198 1168 quidem
1215 1125 1331 1172 plena
1358 1131 1396 1161 et
1415 1126 1479 1161 cle-

84 1182 237 1220 pressa,
255 1177 405 1222 pecton'
421 1173 485 1210 zlle
504 1185 571 1208 suo
590 1173 728 1209 vulnus
746 1176 856 1222 itfi'g
835 1177 888 1209 eret
905 1175 1098 1221 acerbum,
1120 1175 1248 1223 «πρόσθε
1268 1179 1344 1225 ωςὶν
1363 1194 1459 1223 τυχε
1465 1195 1477 1212 ν

90 1223 185 1268 (Exs'v
162 1241 185 1258 ιν
188 1224 300 1273 ων,)”
284 1242 348 1262 00·oe
376 1243 525 1273 μηχανων
516 1241 584 1259 νται
615 1227 689 1272 (illi
718 1224 868 1274 Φὲονεξοί.

925 1227 1074 1263 Scilicet
1109 1227 1158 1266 νεῖς
1186 1225 1332 1275 φθονεςῶν
1363 1230 1478 1264 modo

85 1274 262 1323 jungitur
283 1290 367 1313 cum
387 1277 566 1324 singulari
584 1279 657 1313 ἑλκό
640 1295 695 1325 οεμ
686 1294 755 1323 νος,
776 1281 889 1315 modo
908 1280 1110 1327 subjicitur
1130 1280 1285 1325 pluralis
1303 1287 1476 1327 spectans

87 1328 136 1363 ad
164 1328 346 1377 Φυονεςων.)
379 1327 521 1377 Φροντίδι.

87 1380 258 1416 felicitati
279 1381 433 1416 alterius
463 1380 649 1415 detrahat.

86 1433 176 1468 dum
204 1432 278 1467 suit
306 1432 590 1469 Oxoniensibus
618 1433 657 1467 in
686 1431 848 1478 ἐνέπαξαν.

85 1488 192 1519 verat
212 1483 427 1532 Ceporinus
454 1485 493 1519 in
527 1483 634 1521 Crat.
664 1488 703 1520 et
734 1485 820 1521 hinc
848 1485 1069 1522 Schmidius.

497 1536 548 1574 V.
570 1539 671 1573 adv.
698 1540 785 1575 167.

402 1592 489 1626 173.
518 1593 552 1635 γ’
579 1591 744 1626 fulcrum
775 1589 906 1628 Oxon.
936 1597 975 1628 et
1005 1591 1114 1628 Bodl.
1133 1594 1177 1637 γ’.
1210 1593 1469 1653 restituerunt.

446 1641 653 1680 Schmidius
671 1645 707 1692 μ’
725 1644 949 1694 inseruerat,
970 1646 1092 1681 minus
1112 1646 1221 1682 bene.

83 1537 213 1584 vulgg.
233 1554 454 1585 μηχανωντοιι.

82 1602 152 1626 nec
179 1590 288 1626 male.

81 1642 226 1680 Deerat
243 1643 282 1679 in
301 1646 390 1679 cett.

78 1834 201 1870 aliena
235 1830 384 1879 majora
423 1843 501 1868 esse
540 1832 733 1878 aestimat).

78 1879 148 1923 Vs.
180 1887 268 1921 171.
299 1884 397 1920 redit
427 1885 475 1920 ad
509 1888 598 1932 161,
629 1889 667 1921 2.
698 1889 736 1921 et

75 1939 200 1985 dpm‘ysa,
225 1940 312 1973 173.
334 1937 508 1985 prodest,
523 1938 734 1974 consultum

77 1995 164 2034 θείς
191 1989 270 2024 fere
302 1994 347 2024 ut
377 2001 508 2038 supra,
549 1993 636 2025 115.
660 2003 735 2039 pa-

75 2044 306 2078 trocinatur.

136 2095 303 2130 173—4.
348 2092 454 2129 Nota
491 2105 549 2129 res
590 2096 647 2131 vel
689 2108 733 2131 ex

74 2149 168 2185 Act.
190 2148 268 2194 Ap.
290 2147 340 2181 ix.
365 2149 401 2192 5,
425 2149 460 2181 6.
496 2145 546 2182 V.
564 2146 731 2183 Valken.

75 2202 188 2238 Orat.
226 2212 264 2247 p.
305 2199 732 2236 380.—Sententiarum

72 2256 189 2303 igitur
209 2253 304 2288 ordo
324 2252 410 2287 inde
436 2254 482 2287 ab
513 2256 599 2288 131.
627 2253 673 2288 ad
700 2253 728 2289 f.

72 2309 126 2345 ita
155 2306 361 2353 procedere
392 2305 554 2342 videtur.
611 2304 731 2342 Poeta

70 2363 200 2397 monet
238 2357 458 2404 Hieronem,
492 2370 539 2395 ne
585 2359 732 2394 deliniri

71 2427 110 2451 se
155 2412 323 2460 patiatur
364 2411 412 2446 ab
448 2412 724 2458 adulatoribus,

70 2468 150 2514 qui,
170 2466 259 2501 dum
286 2476 370 2499 eum
400 2464 581 2500 demereri
609 2465 726 2501 videri

70 2521 220 2564 volunt,
265 2518 360 2552 alios
415 2519 721 2563 calumniantur3

70 2574 171 2619 quod
187 2570 260 2618 ipsi
288 2573 408 2617 poetae
427 2571 603 2608 accidisse
625 2572 723 2607 vide-

69 2630 133 2660 tur
147 2625 306 2669 3-142,
326 2623 394 2659 etsi
413 2625 507 2672 ipse,
522 2625 607 2660 vitae
625 2625 721 2660 inte-

66 2679 203 2725 gritate
215 2676 396 2719 munitus,
410 2678 575 2726 opprimi
590 2690 721 2714 eorum

67 2729 260 2768 calumniis
283 2733 607 2775 nequeat.—l47.
662 2731 720 2766 A-

578 1327 672 1364 Haec
700 1330 902 1366 solicitudo
931 1333 1030 1368 haud
1058 1332 1172 1368 dubie
1199 1345 1245 1368 eo
1271 1334 1401 1380 tendit,
1434 1339 1477 1369 ut

765 1385 851 1417 168.
876 1383 1027 1428 ἔνέπωξεν.

1086 1383 1209 1419 Etiam
1231 1385 1303 1420 hoc
1323 1393 1474 1423 mutan-

965 1438 1050 1470 171.
1081 1437 1278 1482 μηχανᾶται
1297 1442 1472 1476 emenda-

1126 1487 1302 1524 Romaua
1329 1495 1367 1526 et
1386 1494 1473 1528 hinc

845 1539 966 1574 Aldus
995 1544 1032 1575 et
1053 1538 1248 1577 Bodleiani
1276 1544 1469 1587 μητίονταιε

803 1831 882 1878 pud
901 1831 1001 1866 viros
1024 1831 1123 1866 enim
1148 1831 1291 1878 probos
1322 1833 1463 1869 nullam

801 1885 959 1919 istorum
975 1885 1257 1919 criminatorum
1276 1896 1354 1920 esse
1372 1897 1462 1922 auc-

802 1937 1010 1980 toritatem,
1047 1936 1116 1972 etsi
1150 1937 1204 1971 illi
1236 1940 1462 1975 assentando

802 1991 947 2025 cunctis
966 2001 1098 2036 magna
1112 1990 1211 2024 mala
1224 2001 1351 2027 creare
1371 2003 1460 2038 pos-

801 2045 1055 2088 sums—152.
1085 2054 1124 2077 se
1147 2047 1281 2078 contra
1309 2056 1378 2080 nec
1408 2045 1458 2081 si·

801 2096 944 2130 mulare
985 2095 1183 2131 amicitiam
1222 2108 1291 2131 nec
1328 2098 1457 2134 odium

799 2149 1191 2184 dissimulare.-—156.
1230 2147 1314 2185 Nec
1332 2162 1370 2186 se
1384 2152 1455 2187 sibi

798 2200 836 2235 in
866 2201 938 2236 hoc
966 2212 1071 2235 more
1097 2201 1321 2247 displicere3
1353 2204 1455 2239 viros

797 2254 894 2288 enim
941 2254 1170 2299 simplicibus
1210 2258 1248 2289 et
1288 2256 1454 2292 candidis

797 2307 965 2341 moribus
984 2307 1020 2340 in
1048 2308 1220 2342 omnibus
1239 2307 1452 2346 civitatibus

795 2359 1099 2406 probari—161.
1156 2358 1273 2402 Quod
1306 2362 1336 2396 si
1369 2361 1450 2397 for-

796 2417 888 2447 tuna
919 2412 1031 2447 modo
1064 2412 1172 2448 bonis
1203 2413 1316 2449 modo
1345 2416 1449 2451 malis

793 2465 960 2511 propitia
976 2477 1054 2500 esse
1067 2467 1187 2501 solet:
1208 2470 1266 2501 est
1285 2466 1321 2501 id
1336 2479 1448 2513 aequo

790 2518 915 2553 animo
959 2518 1154 2554 ferendum
1170 2522 1331 2562 3—165.
1377 2522 1447 2558 etsi

790 2583 837 2606 ne
868 2571 940 2606 hoc
970 2571 1119 2616 quidem
1155 2573 1300 2618 (puto:
1341 2575 1445 2619 quod

788 2624 859 2669 ipsi
896 2624 1067 2660 secundis
1113 2626 1224 2660 rebus
1260 2629 1442 2674 utuntur)

787 2676 980 2711 hominum
1006 2677 1180 2723 istorum,
1200 2678 1289 2714 dum
1312 2680 1441 2716 alienis

788 2730 896 2765 bonis
907 2730 1088 2778 invident,
1099 2731 1319 2779 cupiditates
1333 2745 1439 2770 exsa-

778 2786 802 2818 ‘2
823 2793 843 2816 c
865 2785 889 2819 2
