1846 3121
390 119 464 171 30
965 111 1235 171 Praefatio.

388 272 525 319 genter*
538 269 672 318 passim
691 270 896 314 consuluit,
925 270 983 307 uti
1010 280 1080 306 nec
1107 270 1250 310 Alsium
1270 273 1308 309 et
1319 267 1552 318 Calliergum
1567 284 1578 316 3
1608 272 1648 309 id
1676 273 1783 320 quod

387 341 524 379 merito
558 340 717 377 mireris.
787 338 910 377 Etiam
945 339 1089 376 scholia
1124 343 1163 374 et
1197 338 1451 384 metaphrasin
1481 340 1776 389 interlinearem,

388 421 500 456 quam
527 410 623 445 binis
655 422 701 445 ex
734 408 912 446 Palatinis
940 409 1163 455 adjunctam
1197 407 1312 445 fuisse
1348 420 1394 444 ex
1424 408 1627 458 Sylburgir
1648 410 1777 448 Catal.

387 477 499 516 MSS.
530 479 704 515 biblioth.
734 478 854 514 Palat.
885 478 1027 514 discere
1059 477 1160 523 licet,
1190 477 1366 524 neglexit.
1424 477 1471 514 In
1506 481 1780 517 commentario

386 560 478 585 vero
497 561 614 595 opera
632 549 781 595 quidem
802 548 884 596 ejus
903 553 966 584 est.
982 547 1083 583 haud
1110 547 1398 594 contemnenda,
1419 552 1459 584 et
1476 548 1653 585 doctrina
1674 561 1773 596 prae.

388 620 503 665 clara,
526 620 589 656 sed
616 620 802 668 judicium
829 621 980 656 illorum
1006 622 1220 666 temporum
1250 616 1373 653 studia
1400 621 1439 653 et
1465 619 1638 666 exempla
1654 619 1781 662 suffla..

387 690 595 725 minabant.
653 688 748 725 Cum
779 689 875 725 enim
902 692 1003 724 recte
1021 687 1095 722 hoc
1113 686 1292 721 vidissent
1309 685 1492 733 homines,
1513 687 1551 722 in
1571 688 1675 724 omni
1693 699 1779 724 ora-

387 760 507 806 tione,
526 759 638 795 etiam
659 771 716 805 ea,
741 770 852 806 quam
873 758 954 803 quis
974 757 1261 803 interpretetur,
1281 755 1329 790 ad
1348 758 1562 802 argumenti
1581 769 1778 802 summam,

387 840 590 874 rerumque
620 829 889 864 tractationem
907 838 950 862 ac
969 826 1251 873 dispositionem
1281 825 1446 860 animum
1474 838 1552 862 esse
1579 826 1779 863 intenden-

387 897 491 941 dum,
513 909 596 944 nec,
627 908 770 932 summa
798 908 841 931 ac
870 896 994 942 capite
1012 895 1136 942 operis
1158 893 1308 941 omisso,
1331 893 1545 930 haerendum
1566 895 1603 931 in
1623 895 1778 942 singulis

386 967 532 1003 voculis
559 970 597 1002 et
628 966 978 1002 enuntiationibus:
1010 968 1185 1000 errarunt
1205 965 1386 1000 tamenin
1407 977 1467 1011 eo,
1494 965 1599 1010 quod
1628 977 1778 1001 omnem

386 1036 612 1082 orationem,
634 1036 745 1071 etiam
766 1035 965 1082 poeticam,
993 1034 1040 1069 ad
1068 1034 1270 1070 rhetorices
1294 1037 1497 1082 praecepta,
1521 1045 1605 1079 quae
1628 1037 1709 1070 tum
1730 1046 1776 1071 ex

385 1104 694 1142 RIelanchthonis
713 1106 770 1140 vel
787 1103 956 1151 Chytraei
974 1103 1209 1149 aliorumque
1227 1104 1360 1139 libellis
1381 1104 1569 1140 addiscere
1585 1104 1774 1151 solebant,

385 1176 591 1223 exigerent.
639 1174 776 1220 Itaque
797 1177 947 1219 poetam
964 1183 1071 1206 suum
1088 1170 1296 1206 Schmidius
1316 1171 1362 1205 ad
1382 1171 1612 1206 rhetoricum
1625 1172 1776 1207 schema

385 1248 604 1280 revocatum
621 1243 669 1276 ab
690 1242 791 1276 omni
810 1240 996 1276 diviniore
1013 1239 1126 1274 animi
1154 1240 1190 1274 vi
1218 1243 1256 1274 et
1284 1240 1428 1285 impetu
1460 1249 1614 1286 prorsus
1645 1240 1775 1277 detur-

384 1313 502 1357 bavit,
534 1315 586 1358 et,
618 1310 872 1357 dispositionis
905 1309 1062 1357 synopsi
1094 1309 1230 1354 cuique
1260 1309 1412 1345 carmini
1438 1312 1645 1355 praemissa,
1670 1309 1776 1347 humi

385 1381 516 1418 afflixit
548 1385 725 1426 tanquam
759 1378 966 1425 pedestrem
997 1390 1043 1413 cx
1079 1379 1193 1425 vulgo
1226 1378 1475 1424 scriptorem:
1519 1390 1595 1424 quo
1629 1378 1773 1415 factum

386 1455 455 1495 cst,
487 1455 544 1496 ut,
577 1450 646 1486 etsi
678 1460 813 1495 magna
840 1446 1064 1483 Graecarum
1089 1447 1282 1484 literarum
1304 1448 1416 1494 copia
1434 1448 1655 1494 instructus,
1679 1460 1773 1483 con-

377 1524 481 1557 torte
499 1521 621 1556 multa
640 1523 678 1555 et
695 1519 817 1554 invito
837 1517 1011 1555 carminis
1033 1517 1145 1567 ⁴lyrici
1173 1515 1300 1553 Genio
1329 1517 1673 1563 interpretaretur3
1698 1521 1770 1556 ut..

377 1603 453 1638 que
471 1591 624 1632 omnino
643 1590 679 1625 in
700 1590 742 1624 iis
762 1589 868 1634 locis,
889 1600 1053 1635 quorum
1079 1587 1346 1623 obscuritatem
1366 1585 1767 1626 mldifficultaoemm

375 1661 502 1706 tollas,
524 1671 651 1696 sensus
670 1659 803 1704 aliquis
830 1659 989 1705 poeticae
1010 1657 1170 1704 virtutis,
1187 1656 1250 1690 vel
1279 1655 1432 1702 spiritus
1460 1654 1642 1694 audacior
1661 1658 1699 1691 et
1717 1655 1767 1695 ad

376 1729 612 1766 Pindaricam
642 1728 910 1764 sublimitatem
937 1737 1138 1773 assurgens
1171 1724 1391 1770 requiritur,
1422 1722 1553 1764 infelix
1591 1723 1674 1764 fere
1694 1724 1767 1761 -ille

375 1803 470 1836 osset
490 1810 606 1846 opera
627 1802 666 1833 et
692 1797 1018 1843 interpretatione.
1077 1794 1123 1831 In
1143 1797 1434 1844 chronologicis,
1453 1807 1538 1843 quae
1557 1796 1605 1832 ad
1623 1796 1763 1846 Olym..

376 1874 503 1920 piadas
522 1876 559 1908 et
577 1871 779 1920 Pythiadas
798 1872 985 1917 spectant,
1006 1867 1108 1904 Sethi
1127 1866 1282 1903 Caluisii
1302 1877 1420 1913 opera.
1438 1864 1592 1912 adjutus
1610 1866 1762 1913 longius

375 1953 592 1990 progressus
617 1945 686 1986 est,
708 1952 822 1986 quam
839 1939 905 1975 illo
924 1942 1111 1984 tempore,
1131 1936 1257 1972 studio
1275 1935 1348 1972 hoc
1376 1935 1439 1970 v-ix
1469 1934 1671 1980 inchoato,
1695 1946 1762 1972 ex-

376 2012 517 2058 pectari
555 2014 716 2056 poterat.
772 2007 1067 2056 Spem-tandem
1100 2005 1241 2041 fecerat
1271 2005 1329 2040 vir
1364 2003 1599 2041 doctissimus
1630 2001 1767 2053 Lexiei.

374 2079 577 2125 Pindarici,
605 2091 667 2114 seu
696 2078 973 2127 Πινδαροταμείε,
993 2076 1101 2124 cujus
1120 2075 1307 2122 specimen
1325 2073 1529 2120 proposuit
1545 2072 1587 2114 in
1605 2071 1759 2119 praesat.

375 2149 478 2194 quod
500 2152 622 2184 tamen
643 2147 875 2183 intercidisse
892 2159 969 2182 non
989 2147 1170 2182 dolemus.

373 2215 520 2265 HsvSa'pe
538 2215 801 2265 ev2310809—Jo
823 2215 1062 2261 Benedictus,
1084 2213 1140 2250 Μ.
1160 2212 1214 2249 D.
1235 2216 1272 2248 et
1297 2214 1339 2248 in
1359 2209 1620 2249 Scdnmm'ensi
1634 2208 1755 2247 Acad.

456 2284 505 2321 R.
527 2284 694 2334 Lingua>
715 2284 860 2322 Groecae
879 2284 994 2333 Prof.
999 2281 1225 2321 -Salmurii
1249 2282 1363 2317 1620.
1384 2281 1422 2316 4.

407 2354 598 2391 ‘Titulum
619 2356 741 2402 operis
770 2355 960 2402 promissis
989 2354 1076 2390 satis
1103 2350 1341 2399 magnificum
1369 2347 1579 2385 describere
1607 2358 1757 2385 necesse

372 2437 449 2461 non
469 2429 549 2469 est3
580 2438 648 2461 nec
667 2426 787 2461 minus
806 2424 1001 2473 magnifice
1021 2423 1404 2471 plurimapollicotur
1425 2420 1613 2468 praefatio.
1672 2420 1752 2457 Ha.-

371 2495 484 2529 bebat
502 2499 624 2530 tamen
653 2496 709 2530 vir
729 2496 976 2541 doctissimus,
998 2505 1081 2539 quae
1104 2504 1188 2528 vere
1207 2493 1255 2527 de
1279 2504 1316 2527 se
1338 2491 1542 2537 praedicare
1571 2493 1751 2536 poterat}

371 2573 455 2596 nam
484 2563 520 2598 in
542 2564 831 2610 interpretandis
851 2563 1040 2599 sententiis
1061 2560 1244 2608 praeclara
1262 2560 1343 2607 ejus
1371 2564 1427 2595 est
1456 2570 1587 2606 opera,
1615 2557 1752 2605 partim

368 2631 539 2667 versione
568 2634 760 2679 recognita
783 2636 822 2669 et
849 2632 1069 2678 paraphrasi
1095 2629 1232 2666 Latina
1261 2631 1421 2677 primum
1450 2629 1590 2676 addita,
1612 2629 1751 2675 partim
