1846 3121
679 107 950 164 Praefatio.
1430 119 1498 171 27

111 267 287 318 Olympia
307 265 455 314 Graece,
474 277 537 314 ap.
554 265 785 314 Stephanum
805 264 1048 303 Prevosteau.
1072 256 1192 303 Paris.
1214 269 1328 304 1586.
1351 272 1387 304 8.

162 336 331 374 Laudari
358 350 403 374 ea
418 338 528 373 video
548 348 569 372 a
588 335 775 373 Maittair.
798 335 843 373 P.
863 336 900 372 ii.
924 335 1011 373 Ind.
1041 334 1209 384 Titulus,
1229 337 1365 383 inquit,
1395 348 1497 385 prro.

99 408 190 456 fert
219 410 335 444 etiam
369 406 526 456 Pythia,
561 404 723 454 Nemea,
762 411 800 442 et
830 404 1020 452 Isthmia;
1062 407 1177 444 editio
1209 411 1351 453 tam-en,
1384 419 1495 455 qnam

106 477 295 525 consului,
312 476 490 526 Olympia
506 463 950 523 tantum'compcectitur.
993 474 1056 512 Cf.
1077 487 1165 511 mox
1184 487 1246 511 an.
1271 477 1388 511 1600.

107 543 384 584 commentarii
419 546 696 583 absolutissima·
734 548 774 580 in
810 543 860 581 P.
910 544 1085 581 Anthore
1120 544 1328 581 Benecle'cto
1361 545 1495 580 Arelio

106 637 111 640 -
183 615 388 653 Beruensi.
446 615 670 652 Excudebat
696 613 870 651 Joannes
895 615 930 651 le
959 614 1104 652 Preax.
1130 619 1245 652 1587.
1270 618 1308 651 4.

154 683 311 733 Rarior,
333 687 396 722 sed
415 687 556 722 nullius
576 686 688 732 plane
703 697 792 721 usus
812 685 975 730 libellus,
997 689 1135 732 praeter
1155 685 1319 732 ineptam
1339 685 1386 720 ad
1408 685 1491 721 rhe-

99 758 225 793 torum
245 760 438 804 praecepta.
456 760 764 804 argumentorum
791 756 963 804 analysin
991 767 1069 791 non
1099 755 1168 791 nisi
1196 755 1367 803 vulgaria
1387 767 1490 791 com-

99 826 246 873 plexuS.

97 892 147 931 P.
164 915 218 923 ·--
237 893 386 942 Groece,
409 893 587 943 Lugduni
606 894 838 932 Batavorum
857 906 901 931 ex
926 893 1073 930 officina
1101 892 1355 941 Flaminiana,
1386 893 1487 940 apud

139 990 142 992 -
178 963 322 1001 Franc.
345 963 663 1012 Raphelengium.
690 968 804 1001 1590.
830 968 865 1001 8.

149 1031 242 1070 Eam
262 1046 307 1069 ex
326 1033 579 1081 Stephaniana
607 1035 727 1082 prima
753 1046 966 1083 expressam
991 1034 1135 1081 liquido
1155 1034 1328 1082 cognovi.
1387 1032 1486 1071 Vide

95 1115 131 1141 v.
153 1116 186 1141 c.
210 1103 274 1140 Ol'.
295 1105 371 1140 viii.
395 1107 457 1140 50.

148 1172 297 1216 Quarta
316 1173 543 1222 Pythiorum
565 1172 649 1209 Ode
667 1185 689 1209 a
708 1171 892 1209 Neandro
925 1174 1079 1220 vulgata
1113 1172 1215 1208 hune
1243 1173 1280 1208 in
1300 1173 1451 1208 modum
1471 1184 1481 1208 :

99 1241 298 1280 Theocriti
328 1240 693 1291 Idyllz'a--Pz'ndarz‘
726 1239 956 1290 Lyricorum
989 1243 1174 1289 principis
1200 1240 1480 1287 Argonautica.

93 1309 186 1349 Cam
206 1313 441 1359 expositione
457 1314 714 1359 grammatica
738 1312 782 1346 de
810 1323 876 1346 ore
896 1310 1095 1346 ssIz'chaelz‘s
1115 1308 1293 1346 Nemzdrz·
1311 1316 1477 1358 excepta.

89 1379 274 1427 Impensis
293 1378 432 1416 Jacobi
453 1379 581 1427 Apelii
606 1381 719 1415 1596.
742 1382 778 1414 8.
838 1377 1050 1425 Inscriptus
1083 1379 1230 1414 libellus
1259 1378 1366 1415 Guil.
1402 1379 1477 1416 Bu-

89 1450 187 1496 daeo,
220 1449 375 1485 alumno
404 1449 611 1496 disciplinae
642 1446 867 1491 Ilfeldensis‚
891 1450 968 1482 tum
990 1447 1028 1482 in
1049 1447 1253 1482 Academia
1275 1446 1477 1485 Basileensi

84 1519 276 1556 medicina:
309 1519 495 1566 studioso,
528 1519 615 1555 hinc
646 1517 791 1555 medico
819 1515 1029 1558 Helmstad.
1056 1520 1096 1552 et
1114 1517 1305 1553 archiatro
1325 1517 1475 1555 Ducum

83 1586 287 1624 Brunsuic.

81 1677 135 1685 —
153 1655 226 1693 Gr.
247 1661 285 1693 et
304 1654 397 1693 Lat.
429 1653 614 1694 Latinam
640 1658 995 1705 interpretationem
1026 1655 1084 1692 Μ.
1114 1654 1305 1703 AEmiHus,
1333 1657 1376 1694 P.
1400 1656 1467 1694 Fr.

158 1724 267 1762 Porti
285 1723 326 1764 C.
354 1724 400 1762 F.
422 1724 586 1775 Linguoe
607 1725 752 1764 Graecae
774 1725 996 1775 Professor,
1026 1726 1312 1776 (Heidelberg.)
1341 1730 1468 1765 novis-

157 1797 251 1832 sime
269 1798 505 1844 recognovit,
533 1801 711 1832 accurate
737 1800 978 1845 repurgavit,
1007 1801 1046 1833 et
1071 1800 1215 1845 passim
1240 1797 1466 1836 illustravit.

154 1865 275 1912 Apud
311 1865 590 1915 Hieronymum
629 1866 905 1903 Commelinum
944 1865 1063 1902 Elect.
1109 1865 1190 1902 Pal.
1231 1868 1463 1916 typograph.

160 1937 276 1971 1598.
300 1938 338 1972 8.

127 2001 332 2051 Splendida
356 2004 556 2053 professio,
578 2005 670 2041 nihil
690 2008 813 2040 tamen
835 2005 1059 2051 praestitum,
1089 2017 1201 2052 quam
1235 2009 1278 2042 ut
1306 2006 1463 2054 Stepha-

73 2073 187 2108 niana
218 2073 340 2120 prima
371 2073 626 2110 recuderetur.
685 2075 821 2109 Altera
852 2079 974 2121 parte,
1008 2086 1114 2110 novo
1146 2076 1260 2111 titulo
1290 2077 1460 2124 praefixo,

71 2143 137 2188 qui
156 2143 344 2179 interdum
363 2144 402 2178 in
421 2143 548 2179 fronte
576 2143 693 2179 totius
728 2143 853 2190 operis
888 2144 1069 2188 occurrit,
1101 2142 1328 2193 Lyricorum
1359 2145 1461 2194 frag-

69 2216 196 2249 menta
214 2213 471 2261 subjiciuntur
491 2225 575 2249 cum
594 2212 714 2249 Henr.
735 2212 916 2260 Stephani
936 2213 1021 2249 diss.
1042 2214 1080 2249 in
1102 2214 1401 2259 Anacreonlem,
1424 2221 1460 2251 et

68 2281 157 2319 hinc
193 2295 234 2331 p.
273 2285 494 2320 171—191.
529 2282 586 2319 M.
622 2282 784 2320 AEmz'lii
823 2281 1115 2321 Porti—brevis
1153 2287 1192 2322 in
1230 2285 1458 2334 Euripidem

67 2353 212 2399 (voluit
239 2352 444 2389 Pindarum
473 2353 616 2399 dicere)
637 2358 675 2389 et
694 2352 837 2401 aliquot
858 2350 1089 2401 Lyricorum
1114 2361 1317 2402 poetarum
1335 2357 1456 2404 frag-

65 2427 207 2460 monta.
244 2422 349 2459 chm
369 2434 462 2471 opus
481 2424 580 2471 typis
599 2423 866 2470 mandaretur,
882 2427 982 2459 notae
999 2427 1139 2471 raptim
1155 2427 1318 2473 scriptae.
1359 2425 1456 2461 Sunt

65 2503 117 2529 eae
135 2492 223 2529 satis
239 2491 384 2540 jejunae
401 2496 438 2528 et
457 2493 628 2540 vulgaria
647 2496 874 2540 recoquunt.

63 2578 119 2592 -···-
132 2574 215 2598 cam
233 2559 361 2598 Schol.
377 2566 414 2598 et
433 2563 751 2611 interpretatione
769 2560 916 2600 Latina
937 2562 989 2600 ad
1013 2564 1185 2601 verbum.
1208 2561 1319 2601 Oliva
1338 2563 1449 2602 Pauli

143 2629 337 2679 Stephani.
365 2632 478 2667 1599.
501 2633 540 2668 4.

723 2713 743 2738 e
764 2704 788 2738 2
