1846 3121
441 447 1093 517 PRAEFATIO.

672 667 879 691 l

82 843 259 915 QUID
291 859 330 900 in
361 860 436 902 hac
466 860 630 902 Pindari
659 860 835 902 editione
856 857 1111 914 propositum
1133 854 1360 906 habuerim,
1390 870 1458 895 ex-

80 949 228 988 ponam
251 935 389 989 paucis
402 935 444 976 ²³⁸.

138 1008 303 1050 Pindari
335 1009 526 1051 Carmina
565 1020 656 1050 ante
697 1024 785 1051 xxv.
825 1009 899 1049 hos
929 1003 1054 1048 ann'os
1087 1003 1209 1059 prelis
1242 1003 1459 1057 repetenda

77 1097 331 1125 curaveram:
361 1100 442 1138 quo
471 1083 656 1134 consilio,
688 1083 858 1136 ingenue
887 1083 1089 1138 professus
1122 1095 1210 1121 sum
1243 1079 1283 1119 in
1317 1079 1458 1132 praefa-

79 1157 202 1199 tione.
274 1158 558 1212 Consequutus
599 1173 708 1198 eram
747 1173 872 1211 opera
912 1172 1016 1206 mea,
1050 1156 1162 1209 quod
1194 1154 1395 1202 volebam,
1415 1160 1459 1192 ut

80 1231 121 1272 in
142 1240 333 1285 promptu
353 1239 484 1271 essent
504 1230 749 1284 exemplaria
781 1233 832 1271 ad
863 1231 1021 1271 scholas
1040 1229 1339 1282 interpretando
1359 1227 1457 1268 Pin-

77 1306 174 1344 daro
195 1304 410 1354 habendas,
431 1312 553 1357 utque
575 1303 748 1342 studium
774 1303 938 1343 Pindari
959 1303 1061 1344 inter
1088 1310 1283 1343 nostrates
1314 1316 1458 1342 accen-

75 1377 247 1416 deretur.
308 1374 595 1428 Interpretatus
628 1389 721 1414 eum
754 1390 841 1415 sum
874 1376 1111 1430 aliquoties;
1141 1375 1300 1428 quoties
1322 1383 1456 1416 autem

74 1464 194 1490 novas
215 1448 407 1491 lectiones
436 1449 698 1499 instituerem,
720 1448 904 1488 videbam
927 1448 1053 1488 multa
1072 1446 1236 1502 quidem
1264 1461 1330 1487 me
1354 1461 1455 1487 non-

74 1524 167 1564 dum
193 1522 285 1564 satis
314 1522 549 1576 intelligere,
580 1522 808 1564 incidebam
839 1529 974 1561 tamen
1005 1536 1079 1561 nec
1110 1519 1241 1561 minus
1274 1519 1314 1559 in
1346 1519 1452 1570 loca,

73 1595 112 1637 in
128 1596 272 1651 quibus
292 1596 528 1647 sentiebam,
541 1599 675 1651 ipsum
700 1611 765 1636 me
786 1603 902 1635 antea
922 1603 990 1634 aut
1005 1593 1104 1634 nihil
1121 1593 1364 1634 intellexisse
1385 1601 1455 1634 aut

72 1686 214 1726 parum
235 1680 350 1712 acute
370 1670 527 1712 vidisse.
587 1670 746 1712 Interea
774 1676 1001 1709 exarserant
1033 1667 1162 1708 studia
1195 1666 1454 1721 popularium

73 1759 270 1785 meorum.
332 1744 573 1798 Fragmenta
603 1745 766 1798 collegit
793 1753 834 1784 et
869 1741 1033 1784 Pindari
1064 1741 1185 1783 vitam
1220 1741 1454 1795 perscripsit

70 1833 216 1871 magno
250 1833 343 1858 cum
383 1819 522 1859 labore
562 1818 816 1859 doctissimus
852 1816 896 1858 J.
933 1815 990 1857 G.
1031 1815 1349 1866 SCHNEIDER,
1383 1814 1452 1868 qui

69 1891 198 1931 fuerat
213 1890 252 1931 iu
269 1891 530 1932 familiaribus
551 1891 666 1941 meis,
687 1901 772 1932 tum
794 1899 930 1931 autem
949 1889 1264 1942 Argentoratum
1285 1887 1451 1929 abierat.

69 1963 197 2005 Erant
217 1964 285 2019 qui
312 1965 350 2005 in
381 1964 505 2018 lyrico
532 1965 572 2005 in
599 1965 771 2019 patrium
795 1979 1022 2005 sermonem
1044 1963 1314 2003 convertendo
1333 1962 1451 2002 desu-

69 2040 231 2090 darent3
261 2039 329 2094 qui
360 2039 521 2094 quidem
553 2049 719 2080 conatus
745 2054 831 2079 eam
864 2039 986 2078 habet
1009 2036 1238 2086 utilitatem,
1262 2044 1304 2076 ut
1323 2036 1450 2076 multa

68 2113 124 2152 sic
157 2113 299 2153 melius
334 2112 552 2167 perspicias
583 2128 702 2168 quam
736 2111 898 2164 singulis
926 2120 1079 2151 tantum
1110 2109 1211 2150 locis
1237 2124 1283 2150 ac
1315 2108 1447 2149 verbis

71 2186 364 2228 difficilioribus
396 2186 725 2241 interpretandis,
767 2187 841 2227 etsi
876 2185 984 2225 idem
1026 2184 1143 2225 facile
1178 2181 1362 2224 homines
1395 2198 1446 2223 eo

67 2260 241 2311 adducit,
263 2270 319 2309 ut,
341 2263 645 2301 seivverboruxn
668 2259 904 2312 ambagibus
937 2275 1005 2299 seu
1039 2257 1233 2298 sententia
1263 2256 1445 2297 universe

66 2350 264 2390 expressa,
295 2352 356 2385 ea,
389 2351 476 2390 quae
518 2337 690 2376 obscura
730 2342 832 2382 sunt,
875 2334 1114 2385 obtegantur
1154 2330 1287 2386 potius
1321 2345 1442 2384 quam

65 2408 291 2462 aperiantur
308 2418 351 2450 et
370 2409 627 2450 illustrentur.
687 2406 931 2456 Extiterunt,
960 2405 1028 2461 qui
1060 2412 1127 2445 aut
1159 2403 1334 2445 carmina
1363 2404 1442 2444 sin-

64 2483 156 2535 gula
192 2484 380 2535 ederent„
417 2492 485 2525 aut
529 2483 643 2538 plura
679 2496 759 2522 uno
798 2479 1000 2521 volumine
1040 2477 1440 2532 comprehenderent,

115 2647 139 2672 ³*
166 2648 224 2684 Τὸν
244 2649 389 2697 Ἀργείων
415 2647 527 2696 τςόπον
553 2646 800 2698 εἷςῆσεταῖπου
827 2647 853 2683 ἓν
879 2645 1067 2695 βςαχῖςοις,
1097 2646 1140 2681 ut
1165 2652 1252 2679 cum
1271 2641 1438 2680 Pindaro

64 2699 193 2745 loquar
211 2700 248 2736 in
271 2699 401 2737 Isthm.
418 2702 467 2737 vi.

694 2768 721 2807 b
