1846 3121
627 87 898 142 Praefatio.
1387 96 1458 146 Υ15

65 243 240 301 plurima
257 241 476 285 inflexisset
495 250 536 283 et
555 249 761 283 mutasset.
823 241 968 295 Longe
989 239 1202 282 meliorem
1220 242 1370 285 librum
1390 258 1460 286 ex-

65 315 210 373 pressit
232 315 273 357 in
293 315 451 369 Pythiis
471 323 511 356 et
531 314 570 356 in
595 314 638 356 N
641 315 791 356 erneis:
822 314 960 366 alium,
981 329 1158 370 eumque
1179 314 1461 372 satis'corrup„

65 396 166 440 tum,
187 389 227 430 in
249 389 444 431 Isthmiis.
504 387 730 442 Calliergus
752 403 846 429 vero
875 388 917 429 in
944 387 1148 442 Olympiis
1168 387 1303 429 statim
1324 403 1461 429 emen-

67 462 243 504 datiores
265 462 391 504 libros
412 461 609 513 adhibuit,
631 462 746 517 plura
777 477 938 518 quoque
968 476 1018 503 ex
1049 460 1242 513 Scholiis,
1263 476 1351 517 quae
1380 461 1462 516 pri-

65 551 155 578 mus
175 535 379 591 apposuit,
400 543 604 577 mutuatus
626 544 699 577 est.

123 609 295 659 Omnes,
316 617 519 664 quotquot
549 608 798 662 Calliergum
831 617 1092 664 exceperunt,
1113 609 1289 650 editores
1308 608 1463 651 codici·

64 684 140 724 bus
174 681 333 736 scriptis
364 697 481 737 aequo
511 682 648 724 animo
680 691 907 723 caruerunt.
968 682 1217 736 Diligentior
1247 682 1323 724 fuit
1363 698 1461 738 ope-

64 770 108 797 ra
131 755 343 806 Schmidii,
365 755 574 810 popularis
595 755 734 806 nostri,
756 755 841 807 viri,
862 765 907 797 ut
928 765 1039 797 erant
1060 771 1106 797 ea
1125 765 1241 797 aetate
1263 756 1461 808 homines,

65 836 255 870 accurate
284 828 445 879 eruditi,
474 828 544 884 qui
573 836 653 869 tres
679 828 887 870 Palata'nos
909 845 958 870 ex
988 830 1123 871 Elect.
1147 830 1278 871 Palat.
1301 830 1462 871 Biblio-

64 900 182 942 theca
199 900 540 955 Heidelbergensi
560 910 699 942 nactus
716 911 815 953 erat,
836 918 938 958 quos
956 902 1046 943 Pal.
1063 904 1117 943 A.
1133 903 1185 944 Β.
1200 902 1252 944 C.
1273 902 1462 957 insignire

63 973 182 1016 solet.
242 974 407 1016 Primus
428 977 760 1017 membranaceus
782 976 871 1027 suit,
883 975 1080 1031 quantivis
1096 975 1164 1018 ille
1186 975 1319 1030 pretii,
1336 991 1462 1031 quan-

64 1055 152 1088 tum
173 1047 337 1102 quidem
358 1064 407 1090 ex
428 1049 603 1090 lectione
624 1058 784 1091 enotata
806 1049 1029 1103 intelligere
1050 1049 1172 1101 licet3
1203 1051 1303 1092 alter
1323 1059 1365 1091 et
1383 1060 1463 1091 ter-

65 1119 143 1162 tius
164 1121 378 1172 chartacei,
400 1130 440 1163 et
461 1122 594 1175 exigui
616 1138 709 1164 usus
730 1133 771 1164 et
799 1123 1047 1164 auctoritatis
1061 1124 1244 1175 §.tertius
1270 1140 1364 1165 cum
1386 1124 1462 1167 Al-

67 1194 163 1235 dino
189 1196 413 1249 exemplari
444 1197 546 1236 adeo
575 1197 793 1250 conspirat,
823 1206 866 1238 ut
893 1198 1095 1239 interdum
1124 1199 1390 1241 dubitaverim
1411 1216 1464 1243 an

67 1266 160 1310 inde
182 1267 442 1322 transcriptus
473 1277 590 1310 esset.
641 1269 806 1310 Priores
827 1271 908 1310 duo
926 1270 1134 1325 Olympia,
1156 1272 1295 1314 tertius
1317 1272 1463 1326 Olym-

67 1339 135 1395 pia
155 1348 195 1381 et
218 1340 365 1394 Pythia
385 1341 633 1382 continebat.
693 1342 926 1394 Fragmenti
957 1343 1227 1385 Bibliothecae
1257 1346 1463 1399 Augusta-

67 1427 128 1454 nae
155 1429 185 1454 a
208 1412 313 1454 Dav.
336 1413 591 1454 Hoeschelio
619 1413 757 1454 collati
789 1415 911 1454 lectio
940 1416 989 1455 ad
1012 1430 1174 1468 parvam
1197 1417 1462 1470 Pythicorum

67 1485 305 1541 particulam
334 1488 557 1541 spectabat.
617 1485 667 1527 In
698 1486 871 1528 Nemeis
900 1496 939 1528 et
968 1487 1151 1529 Isthmiis
1185 1489 1381 1544 scriptum
1415 1490 1462 1532 li·

67 1561 184 1601 brum
216 1560 383 1601 omnino
415 1562 570 1602 nullum
589 1561 730 1603 habuit
752 1561 984 1604 Schmidius
1002 1579 1013 1613 ;
1044 1564 1114 1603 sed
1135 1572 1175 1604 et
1195 1563 1234 1604 in
1256 1564 1462 1619 Olympiis

70 1641 112 1674 et
134 1633 292 1688 Pythiis
312 1650 442 1689 pauca
463 1635 556 1686 vidi,
573 1651 662 1690 quae
690 1651 714 1676 e
733 1637 856 1677 codd.
876 1635 1020 1678 melius
1047 1637 1266 1679 constituta
1287 1647 1420 1680 essent
1440 1655 1463 1681 a

67 1706 281 1748 Schmidio
302 1716 370 1749 aut
390 1708 581 1750 constitui
610 1717 789 1763 possent.
847 1709 1036 1751 Tandem
1059 1726 1185 1752 novos
1206 1711 1370 1754 codices
1391 1715 1461 1755 ad-

66 1779 206 1822 hibere
227 1780 342 1822 licuit
368 1781 592 1823 editoribus
622 1782 939 1825 Oxoniensibus.
999 1783 1271 1839 Apponemus
1290 1801 1351 1838 ea,
1373 1799 1463 1844 quae

66 1853 117 1895 de
138 1853 214 1895 illis
234 1854 383 1909 passim
405 1854 481 1909 ipsi
503 1855 815 1897 observavimus.

127 1926 230 1968 Sunt
261 1927 382 1981 igitur
410 1928 437 1969 ii
466 1943 635 1970 numero
664 1929 854 1985 quinque,
876 1930 998 1984 signis
1026 1931 1105 1972 suis
1127 1932 1267 1984 notati,
1296 1949 1394 1989 quas
1422 1942 1465 1976 et

68 1999 147 2054 ipsi
167 2000 434 2042 servavimus:
468 2001 571 2043 MS.
594 2003 856 2055 Bodleianus,
883 2003 931 2045 C.
954 2011 1023 2050 71.
1047 2003 1151 2045 MS.
1173 2004 1290 2046 Guil.
1315 2006 1463 2059 Laudi,

69 2088 190 2129 quern
211 2073 448 2128 simpliciter
469 2075 594 2117 Bodl.
617 2076 669 2119 C.
689 2077 852 2117 laudare
873 2077 1064 2128 solemus,
1078 2086 1162 2118 tum
1179 2079 1305 2120 notati
1323 2083 1367 2120 α’.
1389 2080 1463 2122 eti-

69 2162 134 2188 am
160 2147 290 2188 Laudi
311 2148 400 2202 (qui
431 2158 471 2189 et
496 2149 583 2204 ipse
606 2149 748 2203 Bodl.)
765 2151 813 2196 β’.
832 2155 874 2199 γ’.
894 2154 973 2202 (est
996 2150 1271 2193 Baroccianus
1291 2153 1380 2206 67).
1401 2154 1463 2196 Ο-

67 2220 223 2276 lympia
243 2236 382 2262 omnes
401 2223 742 2276 complectuntur,
757 2231 797 2263 at
820 2222 966 2275 Pythia
986 2224 1118 2265 nullus
1139 2233 1284 2279 praeter
1298 2225 1349 2268 C.
1363 2234 1403 2267 et
1418 2230 1461 2276 γ’.

71 2302 112 2335 et
131 2294 198 2336 ille
219 2296 383 2350 quidem
414 2295 454 2336 in
479 2295 598 2350 Pyth.
623 2306 763 2352 quarta
790 2296 944 2338 videtur
969 2297 1158 2349 deficere,
1179 2298 1244 2340 hic
1263 2308 1398 2340 autem
1417 2307 1461 2352 ‘7'-

71 2381 198 2424 usque
216 2369 267 2409 ad
290 2367 415 2410 Nem.
435 2369 490 2410 iii.
512 2372 733 2424 procedere
805 2369 970 2411 Tertius
990 2371 1055 2412 hic
1077 2372 1169 2413 satis
1184 2374 1314 2414 bonus
1334 2374 1466 2414 codex

73 2449 146 2492 est,
167 2450 208 2482 et
236 2441 276 2483 in
308 2442 465 2497 Pythiis
494 2445 578 2485 fere
607 2458 703 2485 cum
731 2443 844 2484 Aldo
873 2445 1098 2497 consentit;
1129 2447 1199 2486 sed
1227 2445 1370 2501 reliqui
1400 2446 1464 2493 vix

73 2514 182 2568 digni
214 2524 339 2567 erant,
359 2517 400 2557 in
428 2532 601 2572 quorum
632 2518 821 2559 varietate
851 2520 1049 2560 enotanda
1082 2519 1152 2560 viri
1184 2519 1294 2560 docti
1313 2529 1464 2561 tantam

76 2588 312 2643 religionem
340 2599 587 2645 praestarent,
616 2606 709 2633 cum
742 2607 789 2634 ea
817 2591 1072 2634 librariorum
1100 2594 1184 2634 sere
1213 2592 1369 2648 stupori
1396 2600 1466 2635 aut
