1846 3121
426 125 498 178 26
976 125 1244 187 Praefatio.

426 282 542 319 aliam
561 281 636 319 Ed.
656 285 694 321 4.
715 281 902 333 Lugduni
919 288 1024 336 apud
1037 286 1067 324 J
1069 300 1156 325 ocm.
1177 284 1384 324 Pilcelcotte
1407 283 1482 319 sub.
1507 283 1617 330 signo
1644 279 1810 318 nominis

426 350 453 387 J
459 364 524 387 esu
560 355 673 388 1598.
707 354 789 389 ead.
814 356 963 401 forma.
1017 355 1067 392 Et
1094 357 1163 392 sub
1201 357 1229 393 s.
1269 355 1458 404 Lugduni
1481 367 1528 391 ex
1555 351 1807 403 typographio

424 419 592 457 Joannis
610 419 791 469 ΙΙαηανιΙ,
815 423 912 459 alias
937 423 1083 473 Jamet,
1104 437 1167 461 an.
1193 428 1308 462 1589.
1339 437 1386 461 ex
1415 423 1517 460 Edit.
1538 423 1716 471 Stephan.
1751 421 1805 457 iii.

425 489 472 525 ad
499 491 653 526 verbum
686 504 914 541 expressam,
945 495 1015 531 nisi
1045 495 1149 541 quod
1180 494 1228 530 ad
1259 494 1398 530 caicem
1428 492 1603 541 Epistola.
1629 490 1806 542 Sapphus

426 558 614 598 ovidiana
633 563 767 598 omissa.
787 568 855 599 est.
1671 591 1673 594 ·

476 651 530 658 —-
553 630 629 668 Ed.
664 636 699 668 5.
734 632 847 670 olen-a
885 632 1006 670 Paule·
1037 631 1226 684 Stephani
1259 633 1374 670 1612.
1404 643 1508 668 mera
1541 634 1597 667 est
1628 627 1806 676 repetitio

426 699 612 737 Editionis
632 706 789 750 quamn,
810 704 874 739 sed
891 704 1107 741 charactere
1125 708 1163 741 et
1182 703 1312 740 charta
1329 696 1530 750 deteriore,
1550 700 1607 737 uti
1624 704 1663 736 et
1681 698 1807 735 altera

426 771 604 818 repetitio
629 774 741 808 1626.
759 776 797 808 et

478 837 612 875 Editio
633 842 668 876 6.
700 839 906 877 Ehroclam·
921 853 966 877 ex
987 840 1181 879 Societatis
1200 841 1352 879 Helvet.
1373 839 1482 877 Cald.
1507 839 1621 876 1624.
1679 836 1806 873 Aliam

424 906 533 945 Pauli
550 908 729 957 Stephani
746 923 781 945 v.
803 911 870 947 inf.
892 912 939 946 ad
958 923 1019 947 an.
1046 915 1160 948 1599.

476 977 720 1026 Stephanum,
754 992 839 1016 cum
873 982 1031 1028 primum
1064 981 1267 1022 Pindarum
1292 981 1550 1018 excudendum
1569 980 1691 1025 daret,
1712 975 1806 1012 Mo·

423 1049 619 1083 rollianum
639 1050 830 1095 exemplar
858 1052 982 1097 operis
1014 1051 1206 1087 tradidisse
1234 1052 1360 1086 multis
1380 1051 1472 1086 locis
1489 1049 1728 1085 manifestum
1748 1045 1804 1092 fit,

423 1130 458 1153 v.
480 1131 512 1154 c.
536 1117 599 1154 Ol.
623 1119 660 1154 ii.
692 1122 754 1154 78.
790 1123 875 1154 1⁶22.
910 1120 984 1154 viii.
1019 1122 1081 1159 50,
1111 1121 1160 1155 ix.
1198 1123 1260 1157 39.
1295 1123 1357 1156 98.
1415 1120 1486 1156 Sed
1519 1118 1806 1165 comparaverat

423 1188 478 1222 vir
495 1189 630 1223 doctus
650 1187 797 1223 Scholia
816 1191 853 1221 et
879 1187 937 1221 ed.
959 1186 1263 1233 Cratandrinam,
1284 1200 1394 1234 quam
1413 1191 1594 1234 sequutus
1614 1194 1683 1232 est,
1705 1196 1803 1220 non-

420 1268 611 1301 nunquam
630 1256 754 1301 etiam,
777 1254 841 1289 ubi
867 1255 1034 1291 deserere
1052 1267 1131 1291 eam
1156 1257 1330 1304 debebat,
1351 1269 1388 1292 v.
1411 1268 1443 1292 c.
1466 1255 1531 1292 Ol.
1550 1257 1588 1291 ii.
1612 1257 1674 1290 56.
1715 1252 1802 1290 No-

419 1337 504 1360 vum
527 1328 776 1360 correctorem
796 1328 907 1359 nacta
926 1330 982 1360 est
1007 1325 1137 1372 altera,
1168 1326 1232 1372 qui
1261 1327 1447 1362 nonnulla
1473 1325 1608 1361 menda
1635 1323 1801 1370 sustulit,

419 1395 491 1429 alia
511 1395 620 1430 etiam
641 1394 873 1441 depravavit.
923 1391 1015 1430 Eam
1036 1398 1159 1432 tamen
1177 1400 1441 1443 expresserunt
1461 1393 1721 1441 Stephanianae
1743 1403 1802 1428 re-

419 1464 528 1510 liquae
549 1475 690 1500 omnes.

419 1554 471 1559 —
486 1531 557 1571 Gn.
569 1530 661 1569 Lat.
679 1533 927 1580 Antwerpiae‚
945 1546 992 1569 esc
1004 1534 1154 1580 officina
1170 1532 1508 1583 Chrph.P1antini.
1526 1534 1640 1568 1567.
1658 1534 1694 1568 8.
1707 1531 1799 1567 min.

500 1602 562 1637 Ad
581 1604 735 1638 verbum
755 1615 799 1638 ex
819 1602 998 1650 Stephan.
1021 1605 1140 1651 prima
1159 1610 1215 1641 est
1238 1604 1396 1640 reddita.

417 1693 470 1699 ——
489 1685 606 1722 opera
624 1676 751 1710 omnia
778 1672 922 1711 Latino
948 1676 1117 1718 carmine
1143 1672 1293 1711 reddita
1314 1685 1390 1723 per
1408 1671 1497 1721 Nic.
1517 1669 1722 1709 Sudorium
1742 1669 1799 1716 (le

497 1742 638 1790 Sueur)
664 1748 701 1780 et
731 1745 895 1792 ejusdem
926 1746 1220 1783 commentarius
1249 1746 1288 1780 in
1321 1740 1480 1779 Nemea.
1539 1739 1704 1787 Parisiis,
1734 1750 1797 1786 ap.

497 1810 590 1848 Fed.
621 1812 839 1852 Moreuum.
877 1819 992 1853 1582.
1027 1820 1062 1853 8.
1092 1815 1183 1851 min.
1205 1819 1243 1851 et
1267 1813 1347 1862 jam
1366 1816 1469 1860 ante,
1491 1814 1533 1847 ut
1550 1813 1799 1847 memoratum

496 1883 619 1930 video,
645 1887 757 1921 1575.
781 1889 817 1922 8.

467 1952 592 1988 Aliam
612 1955 718 1992 video
740 1956 887 1992 laudari
906 1955 1090 1993 Venetam
1108 1955 1182 1991 hoc
1201 1963 1328 1998 ann03
1358 1951 1508 1998 vitiose,
1538 1952 1583 1986 ut
1609 1948 1792 1994 arbitror,

415 2027 458 2059 ut
478 2027 515 2058 et
532 2034 594 2059 an.
621 2028 735 2061 1592.
756 2037 818 2072 ap.
841 2024 994 2062 Fabric.
1038 2024 1262 2061 Memorant
1277 2034 1431 2070 quoque

413 2091 632 2129 Pindarum
669 2106 752 2130 cum
791 2106 891 2131 vers.
926 2093 1019 2131 Lat.
1057 2099 1094 2131 et
1127 2095 1411 2131 commentariis
1445 2090 1618 2132 Sudorz'i.
1661 2087 1792 2126 Venet.

498 2164 612 2197 1598.
634 2165 670 2198 8.
688 2169 870 2210 corrupte
888 2170 925 2200 et
944 2164 1032 2211 hoc,
1053 2166 1082 2204 si
1101 2164 1190 2211 quid
1211 2164 1332 2199 video.
1381 2160 1443 2197 Cf.
1464 2160 1533 2197 inf.
1555 2160 1602 2196 ad
1624 2161 1739 2195 1623.

414 2230 553 2268 Franc.
590 2231 697 2267 Porti
729 2229 919 2269 Creten—is
950 2231 1226 2270 Commentarii
1255 2235 1295 2268 in
1326 2230 1495 2267 Pindari
1523 2227 1585 2265 Ol.
1611 2226 1661 2265 P.
1683 2225 1736 2264 N.
1757 2225 1791 2263 Ι.

492 2298 716 2347 (Geuevae.)
771 2301 888 2351 Apud
913 2301 1105 2340 Jocmnem
1133 2301 1318 2351 Sylvz'um.
1353 2300 1531 2345 158324.
1554 2299 1652 2345 (non
1675 2297 1790 2332 1587.

490 2373 534 2404 ut
559 2381 579 2404 a
604 2371 796 2405 nonnullis
825 2372 970 2407 laudari
1000 2372 1147 2418 video.)
1203 2368 1340 2406 Edidit
1355 2369 1494 2417 filiu&
1512 2364 1716 2414 AEmilc‘m,
1747 2378 1791 2402 eo

487 2444 658 2487 tempore
676 2437 882 2486 Professor
901 2438 1191 2481 Lattsanz'ensz'S.

465 2506 798 2554 interpretationes
825 2509 960 2544 multas
993 2509 1103 2544 bonae
1130 2508 1247 2555 frugis
1274 2507 1392 2542 inesse
1419 2516 1530 2558 posse
1556 2504 1649 2540 nolo
1677 2503 1789 2540 dubi-

411 2585 490 2611 tare
509 2588 517 2618 3
550 2577 613 2612 sed
633 2577 799 2613 delectus
818 2577 914 2625 ejus,
936 2577 1039 2624 quod
1058 2577 1140 2613 tolli
1160 2577 1295 2624 possit,
1316 2577 1400 2624 plus
1419 2576 1486 2613 otii
1515 2574 1709 2623 postulare
1735 2574 1789 2610 vi-

409 2643 534 2688 detur,
558 2656 669 2690 quam
689 2647 797 2683 nobis
816 2647 964 2694 quidem
983 2646 1156 2695 contigit.
