1846 3121
595 430 970 487 ΟΛΤΜΠΙΑ
982 470 993 483 .

702 623 827 681 Εἶδος
852 620 933 680 ιβ’.

284 798 835 875 ΕΡΓΟΤΕΛΕΙ
897 795 1346 884 ΙΜΕΡΑΙΩ,

635 1004 982 1036 ΔΟΛΙΧΟΔΡΟΜῼ.

500 1181 1153 1202 m*—

598 1327 1020 1365 ARGUMENTUM.

121 1398 276 1456 CUM
297 1411 424 1453 victor
455 1412 668 1465 Ergoteles
698 1413 776 1453 hoc
808 1412 994 1453 Fortunae
1025 1414 1203 1463 deberet,
1224 1416 1332 1468 quod
1354 1419 1495 1469 patria,

119 1470 293 1521 Gnosso,
314 1469 406 1510 exul
435 1471 486 1510 ab
517 1469 732 1510 Himeraeis
762 1477 947 1524 receptus
973 1470 1164 1509 secundas
1188 1485 1249 1509 res
1280 1471 1494 1514 habuerat:

118 1525 339 1568 Fortunam
368 1525 541 1577 invocat,
571 1534 616 1567 ut
646 1525 861 1567 Himeraeis
903 1525 1075 1581 propitia
1110 1525 1174 1576 sit,
1204 1541 1296 1567 cum
1329 1528 1414 1583 ejus
1445 1532 1495 1570 ab

113 1582 214 1627 nutu
233 1584 431 1638 pendeant
451 1583 698 1635 omnia,—-6.
720 1582 1058 1638 consiliorumque
1080 1598 1286 1624 successus
1311 1594 1491 1627 eventus—

118 1656 196 1696 que
217 1640 356 1682 incerti
376 1649 415 1681 et
445 1641 750 1692 obscuri‚——13.
772 1655 876 1694 saepe
898 1648 1036 1680 contra
1066 1655 1185 1695 quam
1207 1650 1411 1695 speratum
1433 1643 1493 1683 fu-

117 1703 328 1740 erat—18.
386 1696 481 1751 Ipse
501 1697 626 1738 victor
646 1698 758 1739 domi
778 1698 818 1739 in
845 1696 1088 1738 obscuritate
1116 1698 1496 1750 consenuisset,rnisi

117 1753 333 1797 Himeram
362 1754 491 1809 patria
519 1755 610 1796 exul
641 1755 896 1810 pervenisset,
914 1754 982 1794 ubi
1013 1753 1052 1794 in
1079 1753 1279 1795 civitatem
1311 1766 1494 1811 receptus

116 1811 334 1854 certamina
355 1811 471 1863 obiit,
492 1819 532 1853 et
550 1813 684 1867 plures
705 1811 890 1854 victorias
910 1819 970 1853 est
987 1819 1269 1866 consequutus.

619 1943 656 1974 Σ.
675 1936 723 1974 α’.
777 1942 813 1974 Σ.
831 1934 875 1973 θ’.

262 2013 608 2082 ΛῙΣΣΟΜΑῙ,
634 2026 736 2075 παῖ
754 2023 878 2083 Ζηνὸς
903 2020 1177 2091 Ἐλευθερίε,

257 2092 404 2166 Ἱμέρᾳ
430 2096 661 2164 εὐρυσθενέ’
685 2099 773 2168 οἷμ-

161 2260 339 2310 Ἐςγοτέλει
364 2262 507 2315 ’Ῑμεραίῳ
530 2264 744 2317 δολιχοδρὸμῳ
773 2267 877 2304 addit
902 2267 1066 2304 Aldina:
1094 2268 1269 2318 Ὀλύμπιοι
1294 2270 1351 2307 καὶ
1370 2267 1492 2308 Πύθια

113 2311 329 2362 misto-Spa
342 2317 503 2353 νικήσαντι
520 2318 566 2368 οξ
581 2318 807 2367 Ὀλυμπιάδα.
849 2319 987 2358 Eadem
1003 2322 1041 2358 in
1058 2321 1206 2358 duobus
1225 2321 1337 2359 Bodl.
1356 2323 1395 2360 in
1413 2324 1490 2363 alio

111 2365 278 2409 additum
294 2379 304 2402 τ
335 2368 513 2416 Ἐςγοτὲλει
530 2370 574 2420 τῷ
590 2372 643 2421 υἱῷ
660 2374 702 2407 τὲ
719 2371 896 2423 Φιλάνορος.
951 2375 1099 2413 Scilicet
1126 2375 1311 2412 debentur
1330 2375 1423 2425 haec,
1444 2379 1491 2414 ut

101 2419 308 2466 aliquoties
333 2419 413 2467 jam
447 2423 646 2472 monitum,
676 2427 937 2473 grammaticis.
994 2427 1155 2466 Indocte
1179 2432 1305 2466 autem
1328 2430 1404 2467 huc
1429 2441 1488 2467 re-

108 2475 232 2508 tracta
249 2477 349 2522 sunt,
370 2487 452 2522 quae
471 2476 517 2513 de
533 2478 700 2514 victoriis
719 2477 888 2528 Pythicis
906 2487 944 2519 et
961 2481 1146 2519 Isthmicis
1173 2483 1243 2519 sub
1270 2482 1380 2521 finem
1404 2495 1487 2521 car-

108 2525 216 2562 minis
232 2533 501 2566 memorantur.
550 2529 711 2568 Carmen
729 2534 827 2569 enim
845 2535 1024 2582 scriptum
1042 2540 1098 2573 est
1116 2536 1250 2572 victori
1269 2534 1486 2586 Olympico.

111 2576 241 2616 Notus
257 2585 381 2617 autem
409 2587 465 2619 est
483 2581 678 2632 Ergoteles
695 2586 805 2623 etiam
823 2599 869 2623 ex
888 2588 1086 2636 Pausania,
1107 2589 1172 2636 qui
1190 2590 1328 2627 cumh.
1347 2591 1375 2628 1.
1393 2602 1488 2629 con-

111 2630 302 2681 serendus,
332 2635 397 2671 lib.
418 2637 467 2673 vi.
487 2638 526 2673 4.
557 2637 585 2674 f.
616 2639 695 2687 ubi,
725 2643 849 2677 statua
875 2641 957 2690 ejus
983 2644 1023 2679 in
1055 2643 1136 2680 Alti
1164 2647 1382 2692 memorata,
1412 2644 1486 2682 hoc

114 2683 245 2731 adjicit
262 2698 272 2721 ε
301 2687 340 2723 ἰιι
369 2689 479 2727 titulo
498 2689 724 2728 Himeraeum
745 2693 857 2731 fuisse
874 2695 1119 2744 adscriptum,
1140 2697 1209 2734 etsi
1225 2694 1373 2735 Cnosso
1392 2695 1486 2735 cre·

113 2739 162 2774 tae
192 2738 408 2792 oriundum,
429 2744 492 2780 sed
521 2745 642 2782 turbis
659 2746 828 2784 civilibus
848 2749 997 2796 pulsum
1014 2750 1063 2787 ab
1080 2748 1275 2789 Himera-is
1290 2755 1485 2802 receptum

760 2811 775 2836 s
794 2803 819 2837 Ξ
