1846 3121
615 102 885 156 Praefatio.
1384 113 1451 161 13

67 257 289 301 Plantiuo—
300 256 640 314 Raplcelengiana
689 266 730 298 et
777 254 1118 298 Comnzeliniana.
1197 257 1452 311 Stephanum

63 340 195 372 autem
234 331 417 384 suspicor
457 331 665 384 exemplar
700 330 864 385 quidem
910 329 1205 370 Morellianum
1245 332 1455 374 tradidisse

63 403 211 458 operiS‚
241 403 390 458 passim
422 412 557 443 tamen
586 403 686 443 illud
715 403 818 443 inter
848 402 1219 457 interpretationem
1254 401 1455 455 Latinam,

62 491 182 530 quam
206 477 475 526 conficiebat,
510 477 636 516 modo
667 491 717 516 ex
750 476 1014 517 Cratandrina
1047 484 1088 516 et
1119 476 1282 526 Aldina,
1315 477 1456 528 modo,

64 549 273 604 multoque
292 549 433 602 magis,
455 564 503 589 ex
526 548 687 602 ingenio
709 558 749 590 et
769 549 922 589 ratione
945 548 1085 589 critica
1107 550 1380 589 emendatum.

124 622 376 663 Schmidinm
398 623 563 663 miratus
582 637 671 663 sum
695 622 904 676 Stephano
926 622 1105 675 seposito
1126 622 1334 675 exemplar
1355 620 1456 663 Cra-

63 695 288 736 tandrinum
311 696 543 750 repetiisse3
574 696 652 736 hoc
674 695 781 736 enim
814 709 906 734 eum
929 694 1009 735 suis
1030 693 1135 734 curis
1156 695 1394 734 adornatum
1416 702 1458 734 et

63 769 142 810 suis
163 769 513 810 emendationibus
528 769 813 823 interpolatum
836 767 971 823 operis
993 767 1216 819 tradidisse,
1233 768 1456 809 multorum

63 843 248 883 locorum
279 842 583 897 comparatione
605 841 866 896 deprehendi.
928 842 1091 883 Primus
1112 841 1144 882 is
1164 841 1254 893 fuit,
1275 842 1344 897 qui
1363 851 1458 897 post

64 917 218 957 Aldum
246 926 286 957 et
309 915 557 968 Calliergum
578 916 741 956 codices
761 916 932 970 scriptos
952 915 1183 969 inspiceret,
1204 924 1282 956 tres
1305 915 1458 957 Palati-

65 1004 137 1030 nos
168 998 208 1030 et
239 991 508 1043 fragmentum
541 989 838 1041 Augustanum,
867 991 917 1030 de
945 991 1091 1044 quibus
1124 989 1247 1042 paulo
1278 998 1384 1042 post,
1406 991 1457 1031 de

66 1063 210 1103 ceteris
231 1071 365 1103 autem
399 1061 560 1116 scriptis
590 1061 787 1116 editisque
817 1071 986 1118 totoque
1013 1071 1208 1116 apparatu
1239 1061 1458 1104 Pindarico

68 1136 230 1178 inferius
260 1138 451 1177 nonnulla
479 1139 698 1178 tradentur.
761 1136 859 1177 Hoc
889 1136 982 1176 loco
1003 1149 1170 1175 monere
1191 1134 1285 1175 satis
1306 1143 1379 1185 est,
1401 1135 1459 1176 vi-

69 1225 156 1250 rum
179 1209 458 1250 doctissimum
486 1225 597 1250 suam
626 1217 758 1263 poetae
776 1208 1051 1248 recensionem
1074 1208 1162 1247 fere
1179 1215 1306 1247 totam
1327 1209 1376 1249 ad
1397 1224 1460 1249 ra-

70 1283 199 1324 tiones
230 1283 430 1333 metricas,
462 1282 642 1337 quamvis
674 1281 847 1322 lubricas
879 1289 920 1321 et
948 1295 1055 1334 saepe
1086 1294 1229 1333 parum
1260 1288 1378 1331 tutas,
1399 1281 1460 1321 in-

70 1356 224 1396 terdum
247 1355 367 1394 etiam
397 1355 608 1394 manifeste
638 1352 952 1402 commentitias,
971 1352 1175 1405 exegisse3
1205 1353 1460 1395 constituisse

70 1438 202 1469 tamen
229 1427 403 1481 plurima
425 1426 599 1480 egregie,
616 1440 868 1480 aeumenque
899 1424 1061 1479 aliquod
1089 1424 1211 1464 etiam
1242 1434 1326 1464 tum
1359 1441 1462 1480 prae-

68 1510 185 1552 stare,
207 1516 299 1541 cum
315 1500 518 1555 judicium
540 1499 684 1540 mentis
705 1499 904 1540 sincerum
927 1506 967 1538 et
985 1496 1132 1537 subtile
1153 1497 1369 1538 desideres.

127 1574 297 1630 Sequuti
319 1590 411 1615 eum
433 1582 523 1614 sunt
548 1572 804 1623 Ooeonienses,
826 1573 895 1613 sed
917 1587 1060 1627 parum
1080 1580 1337 1623 constanter;
1367 1587 1460 1614 nam

68 1650 193 1689 modo
224 1647 261 1689 ei
291 1648 555 1697 adhaeserunt,
575 1661 669 1687 cum
700 1647 942 1687 deserendus
963 1654 1097 1696 esset3
1127 1646 1252 1686 modo
1273 1647 1461 1688 deserue-

67 1731 172 1774 runt,
193 1721 263 1763 ubi
284 1730 400 1762 acute
429 1721 494 1761 ille
527 1730 567 1761 et
597 1721 788 1774 praeclare
809 1734 944 1760 veram
974 1718 1192 1759 lectionem
1221 1718 1461 1761 restituerat.

70 1798 340 1853 subjecerunt
370 1795 427 1836 illi
459 1804 589 1849 poetae
618 1794 763 1844 verbis,
785 1801 932 1848 praeter
962 1792 1163 1833 sublectas
1195 1806 1217 1832 e
1250 1792 1462 1833 Schmidio

69 1871 193 1911 varias
214 1870 422 1920 lectiones,
443 1869 539 1910 alias
570 1884 592 1908 e
621 1867 855 1909 Bodleianis
886 1866 1063 1921 quinque
1093 1865 1305 1906 codicibus
1325 1874 1465 1907 enota-

68 1953 142 1995 tas,
164 1943 309 1998 quibus
333 1953 466 1984 tamen
487 1942 630 1984 dubito
652 1958 702 1983 an
733 1942 814 1983 ulla
840 1941 881 1981 in
911 1949 999 1981 toto
1027 1948 1149 1993 poeta
1174 1939 1297 1992 lectio
1325 1953 1463 1980 ernen-

71 2021 161 2059 data
182 2019 232 2059 sit
253 2027 320 2059 aut
340 2017 547 2058 emendari
568 2017 709 2071 possit.

130 2092 350 2133 Pindarum
372 2090 506 2131 mirari
537 2091 631 2131 licet
651 2106 726 2145 pro
747 2095 942 2131 vetustate
966 2102 1036 2130 sua
1062 2094 1144 2127 tam
1175 2101 1320 2141 parum
1351 2100 1464 2126 men-

71 2168 215 2208 dosum
245 2167 296 2206 ad
333 2180 405 2205 nos
433 2164 674 2218 pervenisse.
735 2161 900 2203 Scilicet
924 2160 1032 2212 vitia,
1053 2160 1200 2215 quibus
1228 2159 1367 2200 foedati
1393 2174 1466 2200 co-

72 2241 180 2281 dices
202 2248 307 2289 sunt,
326 2239 376 2280 ad
407 2238 623 2279 dialectum
653 2238 749 2287 fere,
771 2235 849 2277 alia
878 2235 929 2276 ad
959 2243 1132 2276 metrum
1156 2241 1364 2287 spectant3
1395 2248 1465 2273 eo-

73 2331 161 2356 rum
192 2324 327 2356 autem
358 2315 615 2364 mendorum,
636 2313 782 2368 quibus
804 2308 998 2350 sententia
1017 2316 1314 2361 corrumpatur,
1335 2307 1466 2348 multo

72 2389 205 2430 minor
225 2403 345 2443 quam
377 2387 416 2428 in
437 2383 610 2439 Virgilio
641 2394 681 2426 et
712 2383 906 2434 Horatio,
925 2390 969 2422 ut
998 2382 1072 2422 hos
1103 2379 1358 2435 potissimum
1379 2394 1467 2425 me-

75 2477 246 2511 morem,
267 2471 327 2502 est
346 2459 480 2514 copia.
539 2459 680 2513 Atque
701 2459 780 2499 hoc
811 2457 910 2497 illud
941 2464 1014 2506 est,
1037 2456 1147 2510 quod
1169 2468 1276 2506 saepe
1300 2452 1467 2493 miratus

75 2551 177 2586 sum,
214 2534 443 2574 Homerum
473 2540 514 2573 et
545 2532 784 2583 Pindarum,
808 2531 910 2571 adde
943 2528 1220 2577 Herodotum,
1241 2525 1468 2580 antiquissi-

78 2624 164 2649 mos
183 2608 414 2661 scriptores,
435 2607 564 2647 multo
595 2605 723 2659 inagis
754 2604 978 2645 incolumes
999 2602 1257 2655 sincerosque
1278 2615 1365 2641 esse
1386 2613 1468 2640 ser-

79 2690 201 2731 vatos,
241 2696 359 2736 quatu
396 2680 545 2721 multos
577 2679 795 2733 scriptores
836 2677 904 2732 qui
944 2685 1036 2731 post
1074 2674 1125 2717 C.
1166 2674 1225 2716 N.
1259 2673 1467 2723 vixerunt3
