1846 3121
582 134 817 188 Carmen
871 134 972 188 IV.
1360 140 1470 192 255

221 279 313 334 Καὶ
340 275 647 345 φθινόκαρπος
673 272 750 322 ἒοῖ-

296 375 357 400 σοι
385 350 490 400 διδοῖ
509 345 668 413 ᾦοῖφόν
687 366 768 415 περ
793 346 949 405 αὑτοῖς,

226 420 286 471 Εἴ
304 443 419 472 ποτε
447 417 663 488 χειμέριον

223 496 318 562 Πῦρ
347 492 542 558 ἐξίκηται
570 489 790 547 λοίσθιον,

224 564 287 614 *H
317 563 390 614 σῦν
413 562 569 631 ὅρθαῖς
594 563 781 613 κιόνεσσι
1390 583 1472 621 475

226 634 582 687 Δεσποσῦναισιν
608 633 837 704 ἐρειδομένα

224 707 427 771 Μόχθον
452 708 616 765 ἄλλοις
642 704 844 776 ἀμφέπει

225 777 428 832 Δῦςοινον
454 780 489 830 ἕν
509 781 719 843 τείχεσιν,

223 853 315 902 ‘Edu
340 850 611 922 ἕξημώεζασα
633 853 790 921 χῶρον.

80 994 172 1030 472.
196 997 270 1044 wsg’
289 998 331 1030 ut
359 1006 430 1041 pro
459 996 535 1043 περὶ
567 995 629 1041 sit,
656 996 902 1032 revocaverat
925 992 1132 1031 Schmidius
1156 1007 1204 1032 ex
1223 995 1314 1034 Ald.
1336 1002 1375 1035 et
1392 997 1474 1036 Pal.

82 1044 128 1081 C.
145 1047 264 1084 invito
280 1046 452 1083 Pauwio.
493 1046 557 1083 Cf.
577 1049 625 1083 ad
646 1046 758 1096 Pyth.
775 1048 826 1083 iii.
849 1049 912 1083 94.
934 1046 999 1083 Ol.
1022 1049 1071 1083 vi.
1095 1050 1158 1084 65.
1197 1047 1357 1087 Praestat
1375 1053 1477 1092 haud

82 1098 195 1138 dubie
214 1116 292 1148 mg,
315 1104 358 1135 ut
379 1100 434 1135 vel
453 1101 666 1135 retrahatur
687 1099 734 1135 ad
753 1101 822 1140 καὶ,
844 1100 902 1135 καί
921 1115 1000 1147 weg,
1023 1101 1079 1135 vel
1100 1101 1129 1136 si
1148 1101 1220 1137 hoc
1239 1103 1387 1151 longius
1406 1108 1475 1143 ab-

82 1156 152 1197 est,
183 1148 265 1186 διδοῖ
292 1168 365 1199 περ.
425 1151 546 1187 Recte
583 1163 736 1198 quoque
770 1148 874 1186 δοῦναι
904 1149 1013 1194 ψνῖφον
1040 1152 1162 1196 {avr-723,
1189 1155 1372 1193 indicium
1400 1162 1474 1197 sui.

83 1200 146 1238 Cf.
169 1201 300 1239 Pauw.
347 1202 418 1240 Sed
437 1205 586 1251 gravius
606 1210 662 1241 est
681 1204 727 1240 de
746 1207 830 1239 tota
847 1204 1034 1238 sententia
1051 1215 1206 1242 monere
1223 1219 1233 1243 ε
1264 1208 1302 1243 Α
1322 1221 1358 1245 v.
1379 1213 1472 1249 471.

82 1255 260 1302 apodosis
278 1261 334 1292 est
353 1257 631 1293 constituenda.
667 1255 717 1294 V.
740 1259 822 1291 not.
862 1254 995 1302 Usque
1013 1256 1059 1291 ad
1079 1259 1171 1293 479.
1192 1263 1364 1306 procedit
1382 1275 1477 1311 apo-

82 1307 207 1354 logus,
241 1311 389 1357 αἴνιγμα,
424 1309 533 1356 cujus
567 1310 793 1345 solutionem
823 1312 967 1344 veteres
993 1313 1032 1344 et
1058 1315 1226 1348 recentes
1250 1314 1477 1363 interpretes

82 1360 170 1399 inde
189 1364 341 1407 petunt,
365 1364 408 1395 ut
425 1362 471 1396 ad
492 1360 762 1407 Damophilum
780 1361 929 1396 exulem
947 1362 1178 1399 transferant
1195 1377 1204 1400 :
1226 1367 1314 1402 satis
1333 1369 1476 1406 incom-

82 1412 208 1457 mode,
237 1413 284 1447 ad
311 1424 434 1449 meum
459 1417 560 1450 certe
583 1425 746 1449 sensum.
810 1410 994 1457 Equidem
1019 1413 1130 1450 latius
1155 1420 1273 1452 totam
1293 1419 1476 1468 Cyrenae.

83 1476 192 1500 orum
221 1464 417 1500 fortunam
438 1466 575 1512 respici
593 1466 776 1501 arbitror.
833 1464 986 1499 Acen-be
1005 1464 1043 1499 in
1065 1477 1128 1501 eos
1155 1471 1328 1507 saevierat
1355 1475 1483 1512 Arce-

82 1517 209 1563 silaus,
239 1528 296 1552 res
326 1528 446 1556 novas
474 1519 638 1554 molitos.
698 1516 815 1554 Nunc
843 1528 888 1552 eo
917 1520 1034 1562 poeta
1059 1519 1209 1565 alludit,
1229 1534 1277 1559 ne
1305 1525 1413 1562 nimis
1439 1529 1480 1565 in

83 1569 181 1608 cives
199 1569 328 1606 saevire
353 1575 502 1618 pergat,
524 1574 704 1617 tanquam
730 1570 915 1618 patientes
934 1569 1029 1605 adeo
1054 1570 1140 1619 jugi
1158 1578 1197 1610 et
1215 1574 1363 1621 injuriae
1383 1590 1480 1615 sem-

82 1633 152 1669 per
168 1621 346 1658 futuros:
377 1624 489 1665 etiam
509 1624 647 1660 accisas
667 1636 798 1661 eorum
817 1626 856 1658 et
874 1622 1067 1669 depressas
1089 1626 1183 1662 vires
1201 1626 1355 1677 habere,
1374 1633 1478 1678 quod

85 1679 253 1724 tyranno
280 1675 489 1712 timendum
517 1677 578 1713 sit.
635 1676 695 1715 Sic
724 1677 820 1712 bene
848 1675 1015 1712 cohaeret
1043 1679 1167 1714 oratio
1199 1691 1235 1715 v.
1266 1683 1358 1719 480.
1395 1697 1477 1733 sqq.

83 1738 160 1773 qua
177 1731 319 1775 monet,
340 1732 384 1765 ut
400 1730 504 1766 mitia
523 1731 684 1767 remedia
703 1729 880 1766 adhibeat
898 1729 946 1764 ad
964 1728 1108 1765 animos
1128 1731 1265 1768 civium
1283 1737 1480 1776 exulcera-

83 1783 146 1816 tos
169 1781 368 1818 sanandos.
426 1781 486 1819 De
513 1781 759 1832 Damophilo,
789 1794 874 1819 meo
899 1781 1064 1829 judicio,
1087 1795 1165 1819 non
1195 1786 1335 1834 agitur,
1357 1790 1427 1826 nisi
1456 1803 1480 1829 a

85 1845 124 1869 v.
145 1835 238 1870 493.
261 1834 310 1870 cs.
330 1838 413 1872 not.
505 1837 599 1874 474.
629 1834 770 1874 λοίσθιον
788 1836 864 1870 sive
893 1839 937 1870 ut
962 1835 1009 1870 sit
1027 1834 1180 1872 adverb.
1201 1837 1394 1889 ultimum,
1415 1843 1480 1880 de.

84 1886 198 1934 nique
211 1899 227 1932 ‚·
254 1888 332 1923 sive
358 1887 560 1936 adjective,
581 1887 723 1926 λοίσθιον
753 1887 834 1935 τοῦς,
865 1891 909 1922 ut
937 1885 1088 1933 Latine,
1119 1893 1349 1929 novissimus
1377 1898 1481 1943 ignis

86 1949 173 1974 cum
190 1939 347 1977 invadit.
404 1940 577 1988 Conjicit
594 1942 710 1988 λοίγιον
729 1938 898 1976 Gedike.
1008 1940 1101 1976 477.
1132 1941 1290 1989 ἀμφέπει.
1348 1946 1481 1987 Potest

85 1990 204 2026 videri
232 1993 472 2029 scribendum
500 2005 579 2033 esse
607 1991 765 2042 οἰμφέπῃ,
794 2003 881 2028 nam
911 1993 1214 2038 ε’ίποτε--ἒξίκηται
1235 1992 1415 2046 ἣοίμφέπει
1440 2014 1480 2041 se

88 2043 297 2090 excipiunt.
353 2044 402 2081 In
422 2045 593 2083 Homero
611 2051 738 2083 tamen
757 2057 858 2094 saepe
875 2045 928 2082 sic
947 2045 1129 2082 variatur.

143 2153 236 2189 471.
267 2152 331 2188 Ab
353 2152 427 2189 hoc
445 2165 555 2189 versu
574 2154 751 2201 apodosis

90 2207 149 2241 est
181 2206 469 2242 constituenda:
510 2212 638 2243 tamen
666 2206 749 2255 illa,

90 2259 207 2297 etiam
235 2260 276 2294 vi
300 2259 446 2306 fruges
475 2260 638 2307 ferendi
665 2262 752 2308 pri-

815 2153 985 2200 laborat,
1000 2153 1172 2191 luctatur
1181 2168 1200 2201 ‚·
1229 2169 1314 2196 nam
1333 2161 1478 2209 ἀμφέπει

815 2223 847 2242 τι
867 2207 912 2253 is,
932 2207 998 2253 qui
1025 2208 1064 2244 in
1092 2219 1139 2243 eo
1166 2214 1223 2246 est
1253 2219 1478 2264 occupatus,

817 2258 966 2295 laborat
981 2272 992 2305 3
1025 2263 1050 2296 ἓν
1069 2260 1210 2306 τείχεσιν
1229 2259 1355 2308 ἄλλοις,
1371 2268 1397 2302 ἔν
1415 2268 1480 2304 ἀλ-

91 2315 200 2358 vata,
242 2313 305 2348 sue·
347 2312 413 2348 dat
453 2317 751 2361 argumentum;

92 2374 134 2399 se
169 2375 347 2412 quercum
382 2367 542 2414 probat,
581 2367 649 2402 etsi
687 2377 751 2402 ac-

92 2415 332 2455 cisa.—473.
365 2420 392 2453 εἴ
415 2434 498 2455 ιιπκντε
516 2419 582 2467 ωῧρ
609 2418 753 2463 ἐξίκηται

91 2479 144 2505 Sc.
186 2470 235 2506 ἐπ’
277 2469 467 2514 adraim—⁷⁸)
517 2475 541 2506 εἴ
582 2467 754 2518 ἐρειδομένα.

92 2521 150 2557 miv
180 2521 316 2558 κιόνεσσι
340 2521 571 2559 &exanimae-i
601 2533 672 2568 pro
699 2520 752 2559 Sa&

94 2571 193 2610 κιόνων
221 2570 375 2611 damnive.
426 2573 520 2622 Agit
553 2573 599 2610 de
626 2574 754 2611 archi-

94 2624 219 2670 trabe,
260 2625 417 2662 suffulta
463 2634 502 2664 et
546 2631 756 2665 sustentata

97 2683 165 2719 per
205 2679 419 2724 suppositas
462 2681 497 2716 ei
544 2681 751 2718 columnas.

97 2727 242 2764 —477.
270 2729 399 2777 μόχθον
427 2731 588 2781 ἀμφέπει,
613 2731 755 2781 μοχθεῖ,

816 2312 948 2360 λοτςίοις
973 2315 1078 2355 οἴκοις,
1108 2319 1281 2359 respectu
1309 2317 1385 2354 loci
1402 2321 1479 2369 sui,

817 2363 855 2398 in
877 2376 953 2410 quo
973 2369 1062 2400 nata
1080 2366 1192 2402 arbos
1210 2372 1305 2405 erat.

872 2419 965 2453 479.
995 2416 1093 2453 Mihi
1125 2423 1207 2455 tota
1231 2422 1286 2457 vis
1310 2422 1480 2473 apologi,

819 2480 929 2515 quem
945 2471 1121 2518 vidimus,
1132 2474 1270 2510 versari
1282 2475 1481 2515 videbatur

819 2523 856 2558 in
873 2523 998 2560 indole
1011 2522 1283 2572 Cyrenaeorum
1300 2529 1353 2565 ad
1361 2529 1481 2567 liber..

819 2580 937 2612 tatem
959 2577 1193 2626 procliviore
1218 2582 1323 2617 nulla
1340 2584 1482 2630 asperi-

820 2632 898 2664 tate
933 2634 970 2665 et
1006 2631 1149 2666 saevitia
1177 2631 1361 2670 Arcesilai
1391 2637 1482 2683 (per

822 2682 1010 2728 supplicia
1027 2687 1064 2720 et
1082 2684 1213 2732 exilia)
1232 2687 1479 2734 extirpanda:

822 2738 866 2770 ut
895 2734 992 2772 ilicis
1019 2741 1162 2774 natura
1194 2739 1263 2775 etsi
1297 2742 1406 2779 ramis
1436 2754 1483 2781 ac
