1846 3121
648 126 918 184 Praefatio.
1406 137 1477 185 33

96 286 300 325 Hieronem
321 299 344 324 a
360 285 450 324 Jac.
466 283 624 323 Laurea
643 287 806 322 carmine
825 286 982 333 donata,
1003 282 1051 321 ad
1069 284 1208 321 calcem
1225 283 1369 324 AEliani
1383 285 1477 325 Var.

91 355 194 393 Hist.
214 355 350 393 Latine
363 358 411 393 ab
426 357 555 393 eodem
571 368 776 401 versarum,
792 353 891 391 Ven.
908 365 971 401 ap.
986 352 1111 390 Gabr.
1126 351 1152 390 J
1157 354 1291 390 olitum
1309 356 1424 394 1550„
1438 358 1478 392 8.

90 423 225 461 Gouh.
241 424 379 462 Erdm.
396 423 545 462 Loberi
561 424 792 460 Exercitatio
812 424 942 459 critica
960 424 998 459 in
1018 421 1172 459 Pindari
1187 421 1480 472 Olympicarum

93 491 205 530 oden
223 495 274 531 xi.
301 493 391 531 Jen.
416 496 529 530 1744.
561 506 636 540 qua
666 494 780 541 paulo
813 493 1030 529 contortior
1059 504 1237 529 versuum
1269 492 1480 539 primorum

87 564 195 599 istius
214 565 385 600 carminis
403 564 666 611 interpretatio
683 563 855 599 affertur.
904 561 963 599 De
982 561 1026 599 P.
1049 560 1143 598 Odis
1170 561 1400 609 conjecturae
1425 560 1476 598 D.

84 629 157 668 Jo.
187 631 341 681 Aloysiz‘
366 632 608 681 Mingarellz‘.
637 632 789 668 Bonon.
816 633 965 668 1773*.
1022 630 1120 669 Sunt
1146 631 1249 667 sorte
1275 631 1363 678 alia,
1393 643 1478 677 quae

85 700 178 736 dum
198 702 277 738 haec
296 703 563 748 scribebamus,
583 703 771 739 memoriae
793 714 871 738 non
898 702 1201 738 succurrebant:
1231 704 1276 736 ut
1301 698 1480 736 Dammii

84 767 256 807 Lexicon
276 770 760 809 Homerico-Pindaricum.
779 771 906 808 Berol.
933 774 1048 808 1765.
1079 782 1176 819 opus
1206 768 1387 806 Herculei
1419 770 1477 805 la..

84 840 190 877 horis
208 853 219 885 ;
249 842 287 877 in
305 853 383 888 quo
404 842 546 878 utinam
565 841 765 878 Pindarica
784 852 954 877 seorsum
973 841 1021 877 ab
1036 838 1248 877 Homericis
1262 838 1475 887 vulgasset!

141 908 200 946 Ut
216 911 405 948 versiones
432 912 564 948 saltem
582 913 701 948 verbo
719 912 916 959 attingam,
937 912 1124 959 integrum
1144 908 1350 947 Pindarum
1370 907 1478 945 Lati-

56 1020 58 1023 y
85 979 205 1015 nitate
235 981 376 1027 primus
406 980 565 1017 donavit
593 979 660 1018 Jo.
692 978 923 1028 Lonicerus‚
957 982 1028 1016 sub
1062 991 1124 1016 an.
1160 982 1276 1016 1528.
1307 978 1398 1015 hinc
1429 990 1475 1015 ex

86 1045 191 1085 Phil.
212 1048 515 1087 Melanchthonis
532 1052 668 1088 scholis
687 1049 885 1088 Peucerus
909 1049 1080 1096 vulgavit
1097 1060 1160 1085 an.
1186 1051 1301 1085 1556.
1359 1047 1475 1084 Meli-

83 1129 191 1154 orem
219 1119 568 1166 interpretationem
597 1118 724 1156 Henr.
754 1118 971 1168 Stephanus
1003 1119 1121 1167 dedit,
1152 1119 1200 1155 ad
1227 1119 1401 1166 verbum,
1431 1122 1476 1154 ut

84 1186 166 1233 ipse
184 1188 251 1234 ait,
272 1192 310 1224 et
329 1192 372 1223 ut
390 1187 643 1235 Philippinam
663 1189 702 1224 in
722 1189 919 1224 consilium
943 1193 1126 1224 vocaret:
1157 1200 1239 1224 eam
1264 1189 1477 1225 emendavit

83 1255 124 1291 ln
144 1256 306 1292 editione
324 1257 455 1302 altera,
476 1257 576 1293 unde
604 1258 642 1293 in
671 1258 832 1305 reliquas
860 1257 944 1293 edd.
972 1257 1095 1293 fluxit.
1152 1255 1320 1294 Eandem
1341 1269 1473 1305 recog.

84 1329 275 1361 noverunt
294 1323 485 1361 AEmilius
502 1324 650 1363 Portus
676 1327 715 1362 in
740 1327 829 1362 edit.
852 1325 1164 1374 Commeliniana,
1185 1331 1224 1363 et
1243 1326 1474 1363 Benedictus

83 1394 122 1428 in
143 1392 397 1441 Salmuriensi,
419 1394 484 1439 qui
503 1394 750 1441 paraphrasin
768 1407 791 1431 a
809 1406 849 1430 se
868 1395 1081 1432 confectam
1109 1395 1261 1443 adjecit.
1318 1394 1473 1432 Novam

78 1463 434 1509 interpretationem
469 1462 678 1500 Schmidius
710 1464 911 1500 adornavit
941 1465 1049 1500 nimis
1078 1465 1127 1500 ad
1157 1466 1330 1512 verbum,
1358 1476 1472 1502 sensu

81 1533 191 1569 etiam
210 1533 429 1581 obscurato,
450 1537 489 1569 et
516 1535 666 1581 poetica
683 1535 721 1570 vi
747 1535 897 1581 penitus
913 1534 1090 1580 sublata3
1121 1535 1362 1571 retinuerunt
1389 1546 1471 1571 eam

79 1600 314 1639 Oxonienses
344 1614 424 1639 una
454 1614 540 1639 cum
570 1601 765 1639 Benedicti
796 1603 1032 1651 paraphrasi,
1065 1603 1216 1652 adjecta
1246 1603 1295 1639 ad
1327 1604 1469 1640 calcem

78 1671 290 1709 Sudoriana
309 1673 625 1720 interpretatione
639 1673 810 1710 versibus
829 1674 991 1721 comptis
1015 1677 1054 1710 et
1076 1673 1326 1722 elegantibus,
1347 1673 1410 1709 sed
1429 1675 1469 1709 in

79 1743 215 1789 quibus
235 1742 421 1780 Pindarus
438 1744 486 1780 ad
503 1742 738 1780 Horatianos
752 1756 944 1791 numeros,
965 1744 1183 1792 sententias,
1199 1747 1239 1780 et
1257 1747 1468 1780 structuras

77 1816 275 1849 revocatus
293 1800 497 1849 Horatium
517 1814 713 1861 mentitur,
735 1811 938 1849 Pindarum
958 1813 1076 1849 exuit.

131 1880 470 1930 Interpretationes
491 1884 743 1919 recentiorum
760 1882 980 1921 idiomatum
1001 1882 1186 1930 sigillatim
1201 1894 1378 1919 enarrare
1396 1893 1467 1919 nec

76 1957 200 2000 vacat,
216 1964 286 1989 nec
305 1964 453 1988 necesse
472 1956 547 1997 est3
569 1953 754 2001 inprimis,
775 1965 858 1989 cum
881 1953 928 1989 ad
949 1952 1095 1987 libellos
1114 1953 1304 1988 remittere
1324 1952 1465 1999 possim

74 2025 270 2067 lectorem,
303 2022 343 2057 in
374 2022 509 2068 quibus
535 2022 607 2057 illae
626 2022 824 2070 diligenter
842 2026 1098 2058 recensentur.
1157 2019 1330 2057 Italicam
1349 2019 1461 2057 Alex.

73 2093 268 2140 Adimuri,
282 2092 483 2128 admodum
497 2092 697 2138 probatam
718 2090 836 2136 Italis,
853 2102 936 2137 quae
958 2088 1052 2126 Pisae
1070 2091 1184 2126 1631.
1205 2090 1306 2137 (non
1324 2090 1464 2136 1531.)

71 2162 230 2210 prodiit,
265 2161 430 2207 aliasque
460 2161 663 2197 nonnullas
694 2164 930 2197 enumeratas
958 2160 1085 2196 videre
1114 2161 1204 2196 licet
1236 2161 1275 2196 in
1307 2158 1460 2209 Filippo

74 2231 257 2280 Argelati
288 2229 504 2267 Biblioteca
535 2230 639 2278 degli
668 2228 988 2278 Volgarizzatori,
1017 2233 1110 2266 tom.
1139 2229 1191 2267 iii.
1223 2242 1262 2276 p.
1288 2232 1381 2266 ⁴203.
1401 2242 1458 2277 sq.

73 2303 244 2338 Accessit
273 2313 397 2347 nuper
424 2298 451 2335 J
457 2312 492 2335 0.
519 2298 638 2348 Bapt.
659 2297 898 2335 Gaaltierus.
931 2299 1056 2346 (conf.
1076 2297 1198 2346 ejusd.
1215 2299 1325 2346 praef.
1345 2311 1384 2346 p.
1404 2299 1457 2335 xi.

72 2371 158 2418 xii.)
214 2368 374 2419 vulgati
391 2370 489 2406 enim
509 2370 557 2406 ab
577 2381 623 2405 eo
642 2373 756 2405 sunt:

113 2525 132 2543 ⁹
155 2524 214 2556 Illo
237 2531 387 2566 tempore,
411 2535 474 2565 quo
498 2524 557 2555 ista
579 2525 762 2560 scribebam,
785 2524 911 2555 nomine
936 2529 1056 2554 tantum
1079 2529 1111 2553 et
1134 2524 1217 2554 sarna
1238 2528 1330 2556 notae.
1376 2523 1456 2555 Mox

72 2592 154 2617 vero,
169 2594 240 2614 cum
257 2593 310 2613 eas
325 2583 459 2613 lectione
482 2589 514 2613 el
537 2595 595 2613 usu
621 2583 845 2624 cognovissem,
871 2584 951 2613 inter
976 2583 1243 2624 praestantissimos
1259 2583 1302 2613 rei
1318 2584 1455 2614 metricae

71 2641 229 2680 magistros
246 2642 467 2682 Mingarellum
483 2643 598 2672 habere
613 2643 704 2682 coepi.
751 2642 868 2673 Curata
889 2648 936 2674 est
957 2643 1090 2684 diligens
1104 2642 1172 2684 ejus
1187 2653 1320 2674 censura
1332 2642 1365 2673 in
1382 2642 1456 2674 Phi-

70 2697 159 2738 lolog.
179 2699 325 2731 Biblioth.
344 2701 405 2731 vol.
424 2701 457 2731 ii.
472 2711 502 2741 p.
523 2703 595 2732 650.
617 2704 708 2731 1774.

751 2760 770 2793 f
