1846 3121
588 138 823 193 Carmen
873 140 975 196 IV.
1373 148 1486 205 219

236 275 406 331 Nw'rwv
428 278 535 349 ὅπερ
559 281 700 347 γαίας
724 277 886 350 ε’ρῆμων

233 350 430 405 Εἶνοῖλιον
454 353 562 422 δόρυ,
588 349 673 421 μῆτ

304 425 415 476 δρα-ιν
439 423 781 485 οἷνσποῖο-σαντες
806 428 954 496 οέμοῖς.

228 495 423 549 Τουτοῖκι
448 498 483 547 δ’
508 498 709 559 οιόπόλος

229 572 418 640 Δαῖμων
444 569 658 630 ἐπῆλθεν,
687 573 905 644 φαιδίμαν

227 643 393 711 Ἀνδρός
414 643 570 696 αἰδοίου
595 642 826 715 πρόσοψιν

226 713 497 786 Θηκοῖμενος.
574 719 737 768 Φιλίων
762 719 797 768 δ’
821 717 953 771 ἕπέων

219 789 428 857 ΙἈρχετο,
456 790 607 857 ξείνοις
631 790 702 841 οἵτ’
726 790 800 842 ἔλ-

294 861 525 913 θόντεο-σιν
551 862 767 934 εὐεργέται

222 937 378 987 Δεῖπν’
403 935 739 1004 ἐπαγγέλλοντι
765 939 958 1010 πρῶτον.

1422 592 1481 629 50

610 1088 658 1118 A.
677 1083 727 1125 β’.
785 1091 827 1120 K.
846 1082 896 1120 13'.

223 1148 381 1201 Ἀλλοῖ
407 1150 496 1219 ’γοῖρ
521 1152 625 1204 νόςὸ
651 1154 891 1223 πρόφασις
915 1154 1136 1222 γλυκεροῦ

220 1220 399 1274 Κιῦλυεν
423 1227 582 1294 μεῖναι.
660 1224 777 1278 Φοῖτο
804 1228 852 1285 δ’,
880 1224 1134 1295 Εὐρύπυλος

218 1296 451 1360 Γαιαόχου
476 1300 598 1357 παῖς
622 1298 804 1366 α’φθίτὸ
829 1300 1048 1351 Ἐννοσίδα

69 1450 135 1486 47.
167 1446 295 1485 εἰνάλιον
312 1449 423 1486 metri
450 1460 564 1485 causa
592 1449 801 1487 Schmidius
829 1463 902 1499 pro
921 1449 1051 1494 ἐνάλιον,
1070 1455 1109 1488 et
1126 1450 1256 1500 μήδεσιν
1276 1466 1361 1491 cum
1380 1454 1463 1493 Pal.

68 1499 114 1538 C.
134 1512 207 1549 pro
225 1497 390 1548 μήδεσσιν.
449 1501 556 1539 Male
582 1502 644 1539 hic
672 1515 741 1551 per
769 1506 858 1541 νῶτον
876 1504 1005 1554 Syrtes
1033 1504 1312 1552 intelliguntur.
1369 1508 1468 1546 Sunt

65 1556 148 1590 νῶτα
164 1553 221 1600 1γῆς
239 1554 362 1603 ἐρήμου.
419 1553 588 1593 Gravius
606 1561 738 1593 errant
756 1560 850 1593 vett.
873 1559 1120 1606 grammatici.
1180 1556 1251 1594 Sed
1271 1559 1382 1608 Argo
1401 1574 1464 1598 su-

62 1617 133 1655 per
152 1607 409 1646 continentem
427 1610 593 1647 humeris
612 1610 924 1659 Argonautarum
952 1611 1154 1659 deportata
1171 1611 1246 1648 suit
1268 1625 1388 1660 usque
1416 1616 1464 1652 ad

62 1661 242 1708 paludem
261 1659 516 1711 Tritonidem,
535 1664 633 1700 hanc
650 1677 742 1701 vero
761 1668 929 1702 vetustas
947 1665 987 1702 in
1014 1677 1118 1703 mare
1145 1665 1463 1705 mediterraneum

63 1714 181 1763 longo
198 1714 300 1752 freto
327 1716 478 1754 immitti
507 1718 679 1755 credidit.
805 1719 872 1755 48.
902 1716 1133 1760 «ἶνα-πάσαντες
1157 1723 1264 1766 erat3
1293 1720 1359 1757 sed
1384 1723 1462 1771 syl-

60 1767 151 1805 laba
167 1770 284 1817 longa.
300 1771 520 1816 requiritur.
577 1770 754 1809 Similiter
772 1775 941 1808 erratum
960 1773 1053 1808 416.
1074 1777 1277 1809 monuerat
1305 1772 1461 1822 Minga-

60 1821 189 1859 tellus.
315 1825 379 1860 50.
410 1823 559 1862 ἐτι-ἦλθεν.
597 1825 665 1862 τὸν
692 1825 915 1874 adjecerunt
945 1823 1158 1862 Oxoniens.
1191 1838 1237 1862 ex
1267 1825 1381 1863 Bodl.
1413 1828 1458 1873 γ’.

63 1876 127 1912 53.
146 1873 292 1924 σ’ίςχεται
312 1877 404 1914 Ald.
517 1880 580 1914 57.
601 1875 714 1916 κώλυεν
732 1877 863 1916 Oxon.
885 1890 970 1915 cum
991 1894 1003 1913 ν
1022 1878 1136 1925 vulgo
1155 1880 1313 1916 abesset.
1359 1877 1458 1916 οἰλλοὶ

59 1935 223 1976 -μεῖνοιι
248 1934 338 1966 sunt
361 1932 399 1967 in
433 1932 661 1978 parenthesi.
773 1935 836 1969 58.
865 1931 1037 1977 Γαιαόχου
1056 1935 1095 1967 et
1111 1931 1272 1969 ’Euroo-[Soc
1300 1933 1347 1969 de
1376 1944 1457 1970 uno

61 1978 252 2028 Neptuno
283 1983 427 2020 dictum
458 1984 632 2031 displicet
663 1983 836 2034 Pauwio,
867 1983 933 2031 qui
959 1984 1136 2020 emendat
1162 1984 1342 2033 Γαιάοχος,
1372 1986 1452 2023 scil·

60 2129 187 2155 rarum
200 2117 291 2156 fines
303 2130 380 2156 esse
392 2119 549 2156 credidit
560 2121 724 2167 antiqui-

60 2173 156 2219 tas‚)
184 2173 233 2208 ab
265 2172 433 2210 australi
463 2185 534 2209 ora
559 2175 722 2222 Africae,

59 2226 236 2272 (quando
269 2226 418 2272 quidem
451 2227 639 2274 Africam,
673 2229 722 2264 ab

58 2282 190 2315 austro
218 2291 348 2315 versus
376 2292 479 2316 mare
502 2280 721 2318 mediterra-

57 2343 181 2377 neum,
202 2344 281 2368 nou
300 2333 417 2381 longo
435 2333 636 2371 intervallo
655 2347 721 2371 ex-

57 2385 161 2422 tendi
181 2386 331 2432 putavit
350 2387 477 2423 eadem
498 2388 601 2423 rudis
619 2389 719 2424 anti-

57 2438 220 2486 quitas‚)
229 2442 375 2476 terram
389 2442 571 2489 ingressi,
583 2453 719 2478 navem

52 2496 267 2541 portarunt
311 2505 448 2531 versus
488 2497 718 2544 septentrio-

57 2547 299 2583 nemitinere
326 2547 439 2595 sacto
465 2559 542 2598 per
565 2548 719 2585 deserta

57 2595 202 2645 Asricoe
220 2611 336 2650 usque
353 2600 407 2637 acl
425 2601 604 2651 paludem
627 2600 718 2640 Tre·-

58 2650 239 2700 tamdem,
261 2653 371 2702 cujus
391 2666 516 2691 veram
541 2659 716 2692 naturam

58 2713 104 2738 ac
131 2703 240 2740 situm
271 2718 349 2742 non
379 2709 495 2756 magis
523 2710 717 2757 cognitum

57 2755 252 2794 habebant'
259 2769 269 2800 3
286 2758 344 2796 hic
361 2762 503 2798 iterum
522 2763 562 2798 in
579 2774 716 2811 aquam

792 2121 999 2157 immissam
1032 2117 1159 2169 Argo,
1187 2120 1315 2169 freto,
1348 2123 1453 2169 quod

790 2174 879 2210 inde
897 2174 1078 2210 creditum
1096 2177 1153 2210 est
1172 2175 1392 2223 procedere,
1411 2178 1452 2212 in

790 2238 898 2263 mare
930 2226 1252 2264 mediterraneum
1289 2229 1450 2265 deduxe-

790 2285 895 2316 runt.
973 2279 1176 2316 Declarata
1221 2281 1302 2317 haec
1348 2293 1450 2319 nunc

789 2338 879 2369 sunt
905 2333 1080 2369 disertius
1108 2334 1146 2368 in
1173 2332 1448 2372 Schiinemanni

787 2387 911 2422 nostri
947 2384 1197 2436 Geographia
1238 2387 1448 2436 Argonau-

786 2444 929 2476 tarum.
947 2438 1011 2476 Cf.
1028 2445 1138 2476 notas
1153 2440 1200 2476 ad
1215 2441 1405 2489 Apollod.
1419 2443 1453 2478 i:

788 2495 824 2529 9.
847 2496 912 2531 24.
970 2493 1096 2529 Aliam
1116 2495 1300 2530 rationem
1320 2495 1445 2542 Apol.

785 2547 911 2583 Ionius
927 2547 1111 2594 sequitur,
1127 2548 1192 2593 qui
1209 2548 1296 2585 inde
1314 2559 1336 2584 a
1353 2547 1444 2598 Syr-

784 2601 884 2636 tibus
902 2601 1000 2637 viam
1017 2601 1064 2636 ad
1079 2599 1317 2638 Tritonidem
1335 2613 1444 2639 mon-

783 2659 892 2689 strat.

839 2709 901 2743 56.
921 2704 1019 2743 οἰλλὰ
1035 2705 1264 2756 tydae—,ustrou
1282 2713 1445 2756 possunt

782 2760 819 2796 in
842 2759 1057 2807 parenthesi
1077 2762 1203 2808 posita
1220 2759 1364 2800 haberi.

744 2817 771 2851 Ξ
791 2825 812 2850 ε·
830 2817 855 2851 2
