1846 3121
321 98 391 146 42
883 92 1154 146 Praefatio.

323 251 433 297 parte
463 252 537 285 tam
565 249 794 297 subpallido‚
825 252 868 284 ut
898 261 1002 286 meos
1020 248 1153 285 oculos
1177 247 1293 284 literae
1314 246 1504 296 fugerent>
1525 249 1715 296 adscripta

323 322 379 354 est
395 318 518 365 glossa
537 319 769 365 12erpetua*.
812 317 910 354 Cum
929 318 1102 365 pluribus
1120 317 1213 352 locis
1230 317 1456 362 comparatis
1470 318 1714 365 intelligerem

325 387 528 423 convenire
547 387 713 423 codicem
734 398 817 423 cum
839 387 970 422 ceteris
991 385 1104 433 hujus
1126 385 1264 431 classis,
1282 385 1389 420 nolui
1408 388 1556 432 tempus
1577 398 1716 422 consu-

324 468 426 492 mere
445 457 728 503 comparatione
747 456 865 492 totius
887 456 1024 491 codicis
1042 453 1286 490 instituenda.
1333 452 1482 489 Scholia
1501 455 1717 501 compa-ravi

324 526 450 562 multis
482 526 519 561 in
556 526 663 572 locis,
698 526 831 572 passim
863 524 972 560 etiam
1006 536 1053 561 ex
1088 527 1217 562 codice
1248 527 1505 562 emendatiora
1538 528 1715 574 apposui.

325 593 421 637 Quae
450 595 600 631 scholiis
632 594 806 642 praemitti
836 594 972 640 solent,
1006 595 1052 631 de
1079 596 1157 631 vita
1186 594 1340 631 Pindari
1369 600 1409 631 et
1433 596 1479 631 de
1496 597 1639 644 metris,
1661 597 1717 641 vj-

326 665 465 701 dentur
481 665 560 701 fere
577 676 623 700 ex
643 664 713 700 hac
734 664 904 699 codicum
930 664 1046 700 classe
1065 664 1228 700 fluxisse.
1286 663 1347 700 Ita
1367 677 1523 712 quoque
1542 666 1721 701 convenit

327 746 411 772 cum
445 738 578 770 nostro
609 734 683 770 hoc
715 733 843 769 codice
876 734 997 770 codex
1029 733 1267 770 Matritensis
1296 745 1359 781 ap.
1393 734 1532 770 Iriarte
1562 747 1599 770 n.
1624 735 1716 771 cxii.

328 817 366 851 p.
388 806 480 840 445.
502 816 557 850 sq.
615 802 763 840 Poterit
782 803 876 839 alius
895 816 956 839 me
981 804 1115 851 junior
1134 808 1172 839 et
1197 805 1314 839 oculis
1333 804 1535 852 valentior,
1557 805 1617 840 cui
1636 805 1720 850 qui-

328 874 409 909 dem
432 879 653 920 prospectus
671 874 755 909 vitae
776 874 926 920 longior
946 874 1128 921 suppetit,
1150 873 1287 909 librum
1318 877 1441 909 totum
1469 886 1720 921 comparare;

328 943 396 978 etsi
416 942 563 978 fructus
583 954 628 978 ex
649 943 713 978 tali
733 943 865 978 labore
879 943 940 978 vix
960 943 1054 978 alius
1071 942 1226 978 uberior
1241 943 1432 989 expectari
1451 947 1590 990 potest,
1607 955 1721 989 quam

330 1017 373 1047 ut
389 1012 568 1048 lectiones
587 1016 807 1059 enotentur,
830 1024 920 1058 quas
941 1013 1002 1048 alii
1027 1012 1105 1058 jam
1136 1024 1181 1048 ex
1210 1012 1289 1047 aliis
1316 1013 1418 1048 libris
1439 1017 1589 1049 notatas
1606 1013 1722 1050 modo

330 1084 449 1118 bonas
469 1083 582 1118 modo
612 1093 745 1128 pravas
765 1082 1063 1125 redhibuerunt3
1094 1092 1211 1116 novas
1241 1086 1307 1115 aut
1339 1082 1510 1118 meliores
1541 1083 1722 1118 lectiones

331 1163 415 1196 quae
436 1151 591 1186 fortuna
612 1150 779 1196 propitia
799 1150 936 1185 offerre
958 1149 1089 1195 possit,
1111 1161 1189 1184 non
1211 1149 1331 1184 video.

387 1219 448 1255 Ita
468 1231 620 1264 quoque
640 1218 715 1253 vidi
736 1230 811 1252 rem
833 1229 871 1252 se
889 1218 1027 1252 habere
1050 1217 1088 1251 in
1118 1217 1200 1252 aliis
1228 1217 1436 1263 codicibus,
1466 1230 1628 1264 quorum
1657 1225 1726 1256 aut

333 1289 445 1324 lectio
465 1289 626 1334 varians,
649 1292 716 1323 aut
735 1287 937 1334 specimina
955 1287 1001 1322 ad
1027 1299 1086 1322 me
1117 1286 1226 1321 missa
1256 1292 1346 1322 sunt
1373 1287 1606 1324 humanitate
1624 1290 1725 1325 viro-

335 1369 416 1392 rum
440 1357 658 1403 doctorum,
681 1368 844 1403 quorum
866 1356 1020 1391 nomina
1037 1355 1193 1391 honoris
1218 1368 1330 1392 causa
1348 1369 1520 1404 appono,

389 1425 564 1463 Varietas
585 1426 754 1462 lectionis
775 1438 795 1461 e
814 1425 924 1460 codd.
945 1424 1041 1459 binis
1061 1424 1268 1460 chartaceis
1287 1425 1377 1461 Saec.
1401 1437 1462 1461 xv.
1485 1426 1723 1464 bibliothecae

336 1495 537 1544 Synodalis
555 1493 798 1542 Mosquensis
818 1493 973 1531 Pindari
992 1492 1172 1542 Olympia
1189 1492 1404 1541 complexis.
1462 1493 1576 1531 Prior
1602 1497 1727 1532 varios

336 1566 430 1601 alios
463 1565 610 1601 libellos
644 1564 813 1611 poeticos
852 1565 1036 1612 continet,
1072 1565 1167 1601 alter
1197 1564 1339 1600 scholia
1371 1564 1484 1601 habet
1515 1565 1723 1613 adjuncta:

338 1637 367 1657 ‘⁶
388 1638 562 1670 auctores
589 1633 825 1670 Scholiorum
857 1639 1043 1670 notantur
1071 1633 1350 1681 Moschopulus
1381 1640 1419 1670 et
1448 1634 1614 1672 Thomas
1636 1635 1726 1672 Ma-

340 1707 368 1726 “
388 1704 516 1751 gister.
573 1702 631 1739 Ex
651 1704 786 1739 horum
806 1704 956 1740 scholiis
981 1704 1218 1752 intelligitur,
1246 1706 1368 1740 multa
1393 1706 1441 1740 ab
1465 1705 1555 1752 ipsis
1576 1706 1614 1741 in
1633 1718 1725 1742 con-

340 1774 368 1797 “
390 1778 496 1810 textu
517 1778 661 1809 mutata
678 1786 755 1810 esse
775 1777 935 1822 propter
954 1777 1156 1810 metrum.”
1305 1823 1311 1828 ¹

393 1845 431 1879 A
464 1843 514 1880 V.
550 1842 595 1879 C.
630 1842 698 1880 Jo.
728 1844 865 1892 Aloys.
895 1841 1249 1892 Martyni-Laguna
1275 1843 1380 1879 varia
1410 1843 1522 1879 lectio
1550 1844 1662 1880 docte
1689 1848 1728 1880 et

341 1914 526 1950 subtiliter
545 1918 741 1961 excerpta,
763 1926 809 1949 ex
828 1912 1059 1962 Fragmento
1079 1912 1237 1963 Olymp.
1260 1914 1416 1949 x—xiv.
1437 1914 1540 1960 quod
1559 1915 1597 1949 in
1617 1914 1727 1950 bibli-

341 1982 473 2018 otheca
493 1981 761 2018 Zuickaviensi
779 1988 963 2018 servatur.

394 2050 549 2088 Variam
567 2051 765 2087 lectionem
785 2053 958 2088 carminis
985 2054 1008 2088 i.
1039 2051 1194 2101 Olymp.
1222 2064 1242 2088 e
1267 2052 1376 2088 codd.
1400 2051 1606 2088 Marcianis
1626 2051 1727 2089 Ven.

340 2121 418 2168 jam
439 2131 553 2166 supra
573 2123 875 2157 commemoravi.

397 2189 430 2226 E
457 2190 713 2225 recentissimis
742 2196 798 2226 est
826 2192 944 2227 codex
976 2192 1192 2227 chartaceus
1224 2192 1312 2227 olim
1345 2191 1580 2227 bibliothecae
1611 2189 1729 2226 Rost-

343 2259 583 2309 gaardiensis7
605 2271 707 2295 nunc
727 2261 962 2296 bibliothecae
984 2260 1111 2308 Regiae
1132 2259 1363 2308 Hafniensis,
1392 2274 1412 2296 e
1440 2272 1517 2306 quo
1544 2261 1731 2306 specimen

387 2384 406 2402 ⁹
432 2384 550 2414 Eodem
576 2383 669 2411 rubro
695 2382 726 2410 in
753 2383 855 2421 capite
881 2382 1025 2412 carminis
1048 2383 1068 2412 i.
1093 2384 1242 2423 scriptum
1259 2368 1455 2423 legitursra}
1472 2378 1648 2421 σοφωτάτᾱ
1665 2384 1730 2413 Κυ-

348 2448 396 2492 fi&
411 2444 514 2491 Θωμᾶ
531 2446 573 2478 τὲ
599 2444 761 2490 Μαγίῖςᾶ
787 2443 843 2477 καὶ
868 2444 910 2476 τὲ
936 2441 1153 2486 Μοσχοπέλὲς
1178 2442 1296 2489 Κρητὸς
1319 2447 1462 2481 Μαγεῆλ
1480 2445 1610 2490 σχόλια
1625 2443 1672 2479 ὅτι
1689 2448 1731 2481 ἒν-

348 2510 429 2548 ·θαζδε
459 2512 526 2558 ἔχει
553 2511 668 2557 οἶξχήν.
735 2507 917 2555 σημειῶσεις
945 2511 988 2542 T&
1016 2506 1241 2553 Μοσχοπέλδ.
1289 2517 1340 2545 Ad
1369 2516 1486 2546 calcem
1515 2517 1632 2547 codicis
1662 2519 1734 2548 sub-

350 2585 464 2623 scripta
479 2590 568 2614 sunt:
595 2576 757 2615 ἐτελειώθη
777 2576 793 2614 ἦ
811 2574 927 2619 &IGNE
941 2573 1022 2611 αὕτη
1042 2572 1100 2609 3⁵03
1117 2575 1222 2621 χὲιξός
1239 2577 1299 2622 ἔμ’-»ἶ
1315 2578 1356 2610 τέ
1371 2574 1553 2623 οἶμαςτωλέ
1566 2578 1731 2624 Γρηγοξίε.

350 2643 378 2673 Α
396 2643 546 2682 Gregorio
563 2643 655 2683 igitur
673 2644 774 2683 aliquo
792 2643 945 2672 monacho
961 2642 1108 2681 scriptum
1125 2650 1192 2670 esse
1207 2641 1320 2671 librum
1336 2642 1491 2672 discimus.
