1846 3121
656 130 924 184 Praefatio.
1408 139 1478 187 43

94 284 262 321 lectionis
282 297 361 321 var.
383 287 495 322 trium
516 286 685 333 priorum
706 288 912 322 carminum
931 298 994 321 an.
1018 289 1080 322 91.
1103 286 1150 321 ad
1169 299 1226 322 me
1243 288 1341 323 misit
1362 287 1405 323 B.
1423 286 1476 323 G.

91 353 282 400 Niebuhr,
304 354 478 392 Carsteni
498 355 606 403 filius,
628 356 738 403 cujus
756 357 909 404 ingenio
936 360 974 392 et
1001 357 1126 392 studio
1145 356 1297 392 mirifice
1316 361 1393 391 tum
1413 358 1476 392 de-

90 427 270 462 lectabar.
329 426 513 464 Continet
531 425 726 475 Olympia,
748 428 810 463 sed
830 439 977 462 carmen
998 426 1072 461 xiv.
1094 425 1231 462 deficit.

144 494 256 531 Alius
283 495 414 532 Codex
445 495 676 541 chartaceum,
707 498 914 542 quaternis,
943 496 1060 531 nitide
1087 497 1265 542 scriptus,
1294 507 1314 530 e
1339 495 1474 530 biblio.

91 563 199 600 theca
221 564 334 601 Ducis
353 565 526 601 Sereniss.
551 564 751 602 Brunsnic.
772 565 1130 614 Guclphcrbytana‚
1148 578 1255 612 quem
1275 566 1475 611 inspicien-

90 633 176 669 dum
197 634 286 671 mihi
304 635 437 670 eximia
456 646 538 670 cnm
560 635 739 671 facilitate
758 635 942 671 concessit
966 635 1217 670 meritissimus
1239 634 1473 669 bibliothecae

91 703 305 750 praefectus,
339 702 441 740 Ern.
481 702 621 741 leeod.
657 702 845 752 Langer:
875 709 955 740 erat
985 706 1047 740 ille
1079 705 1166 740 olim
1199 703 1286 739 Nic.
1317 703 1474 740 Heinsio

87 773 191 808 dono
209 774 339 809 missus
357 785 380 809 a
400 773 542 809 Carolo
563 773 665 809 Dati.
713 772 991 821 Complectitur
1011 773 1192 823 Olympia
1211 778 1247 809 et
1267 773 1418 822 Pythia.

141 842 238 886 Qnae
271 856 316 880 ex
350 844 404 880 his
433 856 478 880 ac
510 845 689 880 similibus
715 848 935 888 (motantur,
966 848 1053 879 sunt
1084 849 1228 879 tantum
1250 855 1327 879 non
1348 844 1472 879 omnia

87 913 284 948 varietates
310 926 331 949 e
358 914 528 961 neglecta.
550 914 726 961 dialecto,
747 925 920 949 versuum
939 914 1093 950 modulo
1113 914 1284 960 longiore
1303 925 1365 948 seu
1386 914 1469 948 brea

86 983 205 1029 viora,
225 983 372 1018 insertis
392 984 450 1020 vel
473 983 612 1019 omissis
633 984 826 1031 particulis
845 983 889 1027 δε,
909 1000 958 1030 γε,
977 1001 1023 1026 τε,
1044 989 1082 1020 ct
1099 984 1290 1020 similibus.
