1846 3121
438 378 1098 437 oA‘rMHIA.

669 571 853 609 ΕῙΔΟΣ
876 567 925 609 α’.

82 721 553 800 ΙΕΡΩΝΙ
617 721 1469 808 ΣΥΡΑΚΟΥΣΙΩ,

592 926 919 969 ΚΕΛΗΤΙ.

645 1112 861 1122 -——-...

505 1252 1037 1294 ARGUMENTUM.

79 1333 370 1394 OMNIUM
400 1355 666 1396 certaminum
696 1356 934 1410 primarium
964 1371 1011 1397 ac
1034 1356 1221 1411 princeps
1242 1365 1301 1398 est
1321 1357 1466 1411 Olym-

75 1408 229 1463 picum,
255 1408 296 1450 in
315 1424 396 1464 quo
427 1409 636 1451 victoriam
664 1412 794 1453 celete
821 1412 957 1453 retulit
986 1412 1135 1462 Hiero,
1155 1414 1332 1454 carmine
1359 1415 1468 1455 cele-

76 1465 249 1507 brandus
284 1471 435 1511 1—37.
496 1466 688 1522 Sequitur
713 1468 909 1522 digressio
940 1469 990 1509 de
1022 1468 1196 1523 Pelope,
1227 1469 1296 1524 qui
1327 1469 1465 1512 Pisam

75 1521 172 1562 olim
194 1530 234 1563 et
255 1521 494 1576 Olympiam
518 1525 744 1579 occupavit,
760 1534 801 1567 et
822 1525 924 1566 intra
942 1525 1059 1567 Altin
1079 1540 1155 1580 pro
1174 1525 1298 1567 heroe
1319 1526 1465 1566 colitur

73 1584 230 1675 —dlf59.
290 1578 415 1621 Redit
437 1588 560 1636 poeta
585 1583 636 1623 ad
655 1581 794 1624 laudes
814 1582 990 1635 victoris,
1010 1590 1051 1624 et
1071 1582 1168 1625 facit
1188 1584 1294 1625 bona
1314 1590 1465 1625 vota—-

72 1647 97 1674 a
161 1665 172 1676 .

567 1730 696 1782 Στςοφῆ
711 1733 756 1769 α’.
786 1730 899 1771 Κύλων
916 1732 970 1783 ιζ’.

217 1817 524 1876 ΑΡΙΣΤΟΝ
549 1824 626 1893 μὲν
651 1823 776 1896 ὕδωρ·
817 1824 903 1876 ὅδὲ

215 1897 387 1967 Xeno-<35
413 1896 636 1967 αἰθόμενον
659 1899 760 1966 ωῧρ

207 1967 320 2020 ⁰sz
346 1969 572 2039 διαπρέπει
597 1994 663 2022 νυ*

291 2046 362 2095 m)
387 2042 623 2115 μεγάνορος
648 2040 794 2112 ἔξοχα
821 2039 1010 2095 πλέω·

671 2202 862 2238 NOTAE.

121 2273 243 2312 Hiero
260 2272 481 2310 Dinomenis
500 2273 528 2310 s.
550 2284 649 2322 equo
668 2285 730 2311 ce·
796 2274 900 2310 lxxv.
929 2270 1092 2309 victoria
1119 2269 1199 2308 haec
1228 2270 1457 2321 Olympiaca

68 2327 142 2365 lete
167 2327 292 2364 victor
321 2324 385 2362 01.
412 2326 530 2363 lxxiii.
556 2338 579 2363 a
603 2331 731 2364 vetere
797 2328 995 2373 reportata
1023 2336 1114 2361 esse.
1135 2323 1197 2361 Cf.
1226 2323 1342 2374 Pyth.
1369 2325 1394 2361 i.
1413 2325 1452 2362 ii.

67 2380 310 2429 grammatico
349 2379 539 2425 traditur3
593 2392 728 2428 perpe·
795 2379 847 2415 iii.
872 2378 1032 2416 Diodor.
1056 2379 1107 2414 xi.
1133 2380 1199 2423 38,
1218 2380 1286 2422 48,
1307 2379 1374 2426 49,
1395 2380 1455 2425 (et

69 2445 162 2479 ram,
183 2436 366 2481 quantum
389 2432 539 2478 quidem
561 2444 607 2470 ex
630 2433 727 2469 mul-
795 2432 842 2468 ad
864 2444 897 2468 e.
923 2433 948 2468 1.
971 2430 1154 2479 lVessel.)
1178 2432 1242 2478 6⁷,
1269 2432 1333 2467 68.
1355 2429 1454 2467 Pau.

67 2486 113 2523 tis
148 2485 358 2523 rationibus
392 2485 551 2533 intelligi
579 2488 724 2532 potest.
795 2497 875 2521 san.
909 2485 958 2528 vi.
995 2488 1058 2521 12.
1094 2495 1133 2531 p.
1165 2485 1260 2531 479,
1292 2486 1330 2520 et
1357 2485 1451 2521 480.

68 2536 324 2588 Syracusanus
346 2541 448 2575 certe
466 2538 628 2576 adscribi
647 2550 727 2575 non
791 2538 955 2575 Anthol.
984 2536 1112 2584 Steph.
1143 2550 1181 2585 p.
1213 2538 1303 2573 506.
1333 2539 1372 2574 et
1394 2536 1451 2573 A.

70 2592 197 2637 potuit
224 2595 313 2628 ante
343 2589 408 2628 01.
438 2591 554 2628 lxxiv.
586 2594 621 2628 1.
651 2603 728 2640 qua
792 2593 867 2628 nal.
890 2589 1068 2628 Brunck.
1096 2594 1188 2628 tom.
1208 2589 1260 2627 iii.
1288 2602 1328 2638 p.
1360 2591 1448 2627 174.

70 2640 198 2680 Gelon
227 2644 348 2681 frater
376 2642 579 2693 Syracusas
610 2656 726 2682 occu·
791 2644 913 2682 cxviii.

72 2696 189 2741 pavit,
213 2695 321 2734 Gelae
345 2697 603 2734 dominatione
632 2696 726 2734 Hie·
850 2700 990 2734 1—12.
1021 2694 1131 2733 Inter
1156 2695 1367 2733 certamina
1395 2695 1449 2732 0-

69 2748 156 2785 roni
173 2749 315 2788 relicta.
364 2749 527 2790 Videtur
543 2751 639 2788 adeo
658 2750 723 2788 Ol.
790 2751 1015 2802 lympiaczcm
1031 2752 1184 2796 eminet,
1200 2753 1242 2787 ut
1256 2751 1359 2787 inter
1372 2749 1447 2787 ele.

705 2814 729 2841 Β
