1846 3121
851 360 909 414 Π
954 365 1006 416 T
1051 365 1106 416 Θ
1152 363 1178 414 I
1224 359 1296 413 Α.

952 555 1075 612 Εἶδος
1113 554 1160 604 δ’.

459 735 1044 813 ΑΡΚΕΣΙΛΑΩ
1098 735 1651 812 KTPHNAIQ,
1695 714 1701 718 ’

966 949 1161 978 ΑΡΜΑΤΙ.

857 1304 1141 1343 ARGUMEN
1146 1305 1269 1343 TUM
1274 1333 1283 1343 .

374 1396 460 1458 IN
493 1408 704 1458 Arcesilai,
737 1407 840 1459 regis
873 1407 1063 1458 Cyrenes,
1094 1407 1290 1446 honorem
1321 1422 1482 1448 carmen
1514 1424 1556 1448 se
1589 1410 1753 1463 aggredi

375 1470 593 1520 professus,
615 1465 762 1512 statim,
784 1462 960 1516 Cyrenes
990 1463 1193 1502 mentione
1222 1465 1341 1511 facta,
1363 1465 1473 1516 quasi
1504 1465 1667 1506 numine
1694 1468 1754 1506 af-

375 1523 507 1572 flatus,
526 1523 575 1562 ad
597 1520 769 1572 origines
791 1518 961 1558 coloniae
982 1518 1249 1570 progreditur,
1270 1529 1309 1558 et
1339 1518 1502 1560 Medeae
1526 1521 1753 1563 vaticinium

377 1587 578 1619 memorat
600 1576 834 1629 EuphemO,
855 1574 922 1614 uni
944 1589 991 1613 ex
1015 1574 1275 1627 Argonautis,
1297 1577 1565 1622 datum—94.
1588 1579 1754 1632 subjun-

377 1644 443 1675 cta
465 1635 583 1674 simul
603 1631 931 1685 interpretatione
953 1645 1001 1670 ex
1024 1631 1188 1670 oraculo
1219 1630 1395 1684 Delphis
1427 1632 1550 1673 Batto
1580 1635 1674 1673 dato
1703 1637 1753 1676 de

377 1691 536 1731 colonia
558 1690 597 1729 in
622 1688 791 1740 Libyam
813 1688 1122 1727 deducenda—1
1141 1693 1201 1728 18.
1233 1686 1334 1727 Inde
1354 1689 1530 1729 fabulam
1551 1691 1600 1729 de
1622 1690 1755 1744 Argo-

375 1756 586 1787 nautarum
615 1745 866 1798 profectione
895 1743 1048 1783 orditur
1063 1749 1231 1793 3—438.
1262 1744 1331 1783 ubi
1362 1744 1498 1785 occiso
1520 1747 1694 1787 dracone
1715 1758 1756 1789 et

377 1803 524 1843 vellere
558 1810 796 1853 recuperato
832 1799 983 1853 reliqua
1024 1799 1208 1840 brevibus
1248 1801 1532 1853 complectitur
1571 1805 1620 1842 ad
1655 1805 1753 1849 467.

378 1858 480 1899 Inde
500 1861 607 1899 bona
628 1856 779 1896 monita
800 1856 1016 1909 subjungit.
1077 1856 1152 1895 Est
1172 1871 1332 1896 carmen
1354 1856 1473 1896 solito
1504 1858 1674 1909 longius,
1697 1862 1755 1900 fa-

379 1916 517 1955 hulam
539 1922 774 1966 argumento
796 1914 1062 1961 substernens,
1085 1927 1172 1965 quae
1194 1914 1243 1952 ad
1265 1912 1457 1964 originem
1481 1915 1608 1965 gentis
1626 1914 1756 1955 Batti-

380 1973 545 2012 adarum
569 1968 758 2023 proeclare
774 1970 1079 2008 accommodata
1095 1979 1168 2018 est,
1185 1970 1285 2008 etad
1307 1969 1383 2007 hoc
1405 1969 1617 2008 consilium
1639 1971 1756 2013 unice

380 2037 563 2081 spectare
584 2026 752 2065 videtur.
814 2024 1002 2065 Carmina
1023 2024 1217 2076 longiora,
1239 2025 1279 2064 in
1300 2024 1443 2078 quibus
1466 2024 1604 2078 Mythi
1631 2041 1757 2081 expo-

380 2094 582 2132 nerentur,
604 2084 714 2122 fuere
739 2082 865 2134 plura,
888 2080 1069 2134 inprimis
1102 2080 1338 2121 Stesichori.
1399 2081 1592 2135 Subjecta
1621 2093 1755 2125 autem

380 2155 404 2180 a
423 2141 522 2185 467.
543 2142 649 2180 bona
670 2138 836 2178 consilia
856 2147 896 2178 et
912 2138 1063 2177 monita
1084 2139 1189 2177 haud
1210 2153 1350 2191 parum
1371 2153 1393 2177 a
1412 2148 1550 2177 natura
1570 2140 1757 2181 carminis

380 2196 491 2250 lyrici
513 2197 731 2244 recedunt3
762 2209 835 2234 nec
856 2194 1046 2234 satisfacit
1068 2194 1169 2234 ratio
1201 2194 1271 2233 viri
1303 2194 1411 2234 docti
1433 2195 1583 2248 alioqui
1605 2195 1756 2248 ingeni·

381 2267 465 2302 osa,
486 2268 564 2307 qua
583 2266 743 2291 carmen
766 2250 819 2290 ita
841 2250 1031 2300 defendit,
1054 2260 1096 2290 ut
1129 2250 1371 2303 Damophili
1399 2265 1568 2303 persona
1589 2267 1755 2304 compa-

379 2318 489 2350 retur
505 2324 597 2350 cum
614 2307 780 2356 Jasone,
799 2316 839 2346 et
851 2308 901 2346 ad
919 2307 1023 2346 hunc
1045 2322 1199 2347 summa
1217 2306 1402 2347 carminis
1420 2308 1634 2354 referatur,
1665 2323 1754 2348 eam

380 2366 528 2406 refellit
547 2374 677 2404 totum
698 2364 884 2402 carminis
906 2374 1182 2415 argumentum
1214 2374 1254 2402 et
1282 2363 1491 2402 consilium
1521 2363 1569 2401 ad
1592 2363 1756 2403 Arcesi-

380 2421 489 2462 laum
509 2429 705 2475 spectans.
753 2420 855 2458 Sunt
875 2434 968 2459 vero
990 2419 1135 2459 similia
1154 2419 1328 2458 carmina
1350 2418 1515 2472 adjectis
1537 2420 1610 2458 sub
1632 2419 1754 2461 finem

373 2477 542 2520 'monitis
564 2476 685 2529 Pyth.
705 2474 730 2515 i,
752 2475 790 2516 ii.
