1846 3121
668 94 940 170 Praefatio.
1420 102 1491 150 41

104 256 342 293 chartaceum
373 251 504 299 tradit,
539 261 651 297 quam
682 248 863 298 Sylburgi
893 247 1063 284 narratio
1093 248 1131 290 in
1163 248 1349 300 Catalogo
1379 250 1491 289 MSS.

103 322 232 361 Graec.
254 324 347 360 bibl.
369 321 492 359 Palat.
513 322 578 356 40.
636 317 815 355 Pervenit
840 318 903 353 ille
921 317 969 353 ad
989 328 1058 353 nos
1087 329 1172 353 cum
1200 319 1279 354 aliis
1299 331 1345 355 ex
1373 322 1493 368 copiis

100 393 262 430 librariis
281 391 347 429 Jo.
369 390 542 435 Nadleri,
571 387 671 425 Duci
696 386 865 434 Principi
891 386 1033 424 Saxon.
1055 385 1224 434 Coburg.
1246 385 1446 436 Meinung.
1467 403 1492 426 a.

101 461 278 499 Consiliis
297 461 438 498 Secret.
460 463 498 494 et
515 457 676 494 Senatus
695 468 769 493 rer.
790 458 921 493 eccles.
942 455 1114 493 Praesidis
1130 469 1141 501 3
1172 469 1194 492 a
1217 469 1294 503 quo
1314 469 1359 493 ex
1380 457 1492 495 Italia

100 543 185 568 eum
205 534 453 579 apportatum
471 540 565 576 esse,
584 526 764 563 traditum
783 527 1008 574 accepimus.
1041 525 1074 562 F
1076 527 1189 562 irmat
1207 527 1354 572 quidem
1375 532 1414 562 et
1432 527 1493 564 hic

102 601 237 638 Codex
255 601 307 648 id,
323 600 426 648 quod
446 600 486 635 in
508 597 734 645 praefatione
753 596 878 646 posui,
891 608 941 632 ex
958 596 1111 644 scriptis
1123 597 1243 644 libris,
1259 608 1345 631 cum
1363 608 1492 633 omnes

98 675 176 708 tam
206 674 374 707 recentes
404 669 493 715 sint,
524 666 707 714 Pindaro,
736 666 995 713 antiquissimo
1028 670 1168 715 poetae,
1200 678 1334 714 parum
1360 666 1491 702 auxilii

98 740 218 776 videri
244 752 322 777 esse
348 738 647 786 expectandum:
679 737 797 784 paulo
818 737 901 783 plus
920 747 966 772 ex
986 736 1117 772 critica
1141 736 1356 780 subtiliore,
1377 747 1489 771 accu-

97 812 239 846 ratiore
267 810 449 846 sermonis
479 808 588 857 lyrici
616 813 654 843 et
679 807 845 853 dialecti,
873 819 950 853 qua
979 818 1068 842 usus
1096 810 1164 852 est,
1190 807 1430 851 tractatione,
1450 811 1489 842 et

96 879 455 928 glossographorum
474 891 518 915 ac
536 877 869 925 grammaticorum
886 877 1123 923 aliorumque
1136 880 1304 912 veterum
1325 876 1488 922 scripto-

97 961 196 996 rum,
217 949 281 994 qui
307 949 423 985 verba
447 959 494 984 ex
521 958 568 982 eo
592 945 766 993 laudant,
786 945 1050 993 inspectione3
1081 945 1184 982 forte
1202 945 1315 981 etiam
1333 957 1378 981 ex
1400 946 1485 981 dili-

95 1017 269 1065 gentiore
297 1018 349 1053 rei
373 1017 536 1053 metricae
560 1015 702 1051 studio.
761 1013 920 1051 Curabo
947 1018 1089 1062 tamen,
1118 1019 1160 1050 ut
1185 1015 1304 1050 codex
1322 1014 1383 1050 hic
1401 1014 1485 1050 dili-

94 1091 227 1134 genter
255 1099 340 1123 cum
366 1087 525 1134 vulgatis
552 1088 823 1132 comparetur:
855 1096 939 1129 nec,
973 1095 1021 1120 ne
1049 1084 1177 1120 nullus
1207 1084 1365 1120 omnino
1398 1083 1486 1120 iude

95 1155 243 1192 fructus
263 1156 479 1203 proveniat,
500 1155 706 1191 verendum
724 1165 803 1189 esse
821 1153 933 1189 video
946 1155 985 1189 ἕ.

147 1521 316 1560 Omnino
333 1520 408 1557 hoc
427 1519 553 1566 aliqua
571 1532 656 1557 cum
673 1519 746 1557 fide
764 1532 867 1556 nunc
887 1520 1038 1557 tradere
1057 1532 1168 1568 posse
1185 1521 1276 1558 mihi
1294 1522 1452 1559 videor:

143 1592 291 1630 Saeculo
310 1592 386 1628 xiv.
416 1591 568 1627 classem
597 1591 769 1628 codicum
796 1595 988 1627 exaratam
1018 1603 1112 1639 esse,
1143 1592 1208 1637 qui
1237 1591 1418 1641 Olympia
1445 1597 1483 1630 et

90 1661 230 1712 Pythia
259 1662 568 1710 complectuntur
596 1672 682 1697 cum
711 1660 862 1696 scholiis
889 1662 945 1696 τῶν
977 1660 1124 1710 νεωτέρων.
1180 1660 1278 1698 Sunt
1293 1663 1332 1698 hi
1350 1661 1483 1711 νεώτεςοι

90 1731 258 1769 Thomas
277 1730 462 1780 Magister
479 1735 518 1768 et
541 1728 701 1767 Manuel
727 1728 1008 1778 Moschopulus
1036 1729 1242 1769 Cretensis,
1299 1731 1395 1769 Inde
1413 1745 1484 1780 per

88 1802 182 1840 Saec.
201 1814 263 1838 xv.
284 1802 420 1838 invasit
438 1801 604 1838 studium
622 1800 857 1837 describendi
876 1799 1031 1837 Pindari
1050 1803 1191 1838 multos
1209 1802 1310 1838 viros
1329 1803 1479 1850 doctos,

89 1873 314 1921 plerumque
341 1884 361 1909 e
391 1872 502 1909 codd.
531 1872 604 1909 illis
635 1871 874 1916 recentibus;
905 1870 1009 1917 quod
1037 1875 1075 1906 et
1106 1871 1274 1907 obtinuit
1300 1873 1372 1907 sub
1399 1873 1480 1919 pri-

88 1942 235 1978 mordia
252 1941 346 1979 Saec.
366 1942 444 1978 xvi.
473 1945 678 1988 antequam
703 1940 846 1976 Aldina
866 1940 984 1976 editio
1013 1941 1178 1987 (1513.)
1207 1945 1357 1987 poetam
1378 1942 1480 1990 typis

89 2011 276 2048 redditum
303 2012 506 2059 evulgavit.
563 2009 596 2047 E
615 2022 691 2058 qua
710 2011 826 2047 classe
843 2013 932 2046 sunt
961 2009 1070 2046 codd.
1091 2007 1205 2045 Bodl.
1226 2008 1277 2046 A.
1302 2009 1349 2047 B.
1371 2012 1476 2058 Aug.

88 2085 127 2118 et
145 2081 317 2128 plerique
334 2081 410 2118 alii.
468 2080 612 2118 Prioris
639 2080 785 2127 generis
812 2089 912 2114 unus
939 2079 987 2114 ab
1011 2078 1148 2125 amico,
1170 2079 1231 2114 cui
1247 2079 1305 2115 vel
1324 2080 1479 2117 nomine

88 2162 168 2187 non
195 2149 347 2197 adjecto
377 2154 528 2197 gratum
560 2161 619 2185 me
651 2148 850 2196 profiteor,
876 2148 968 2184 doni
994 2149 1082 2184 loco
1105 2153 1301 2196 acceptus,
1322 2153 1361 2186 et
1378 2162 1400 2186 a
1417 2162 1477 2187 me

86 2219 326 2256 bibliothecae
353 2219 572 2255 academicae
600 2219 726 2254 illatus
753 2220 824 2264 est,
850 2217 1190 2263 quaternionibus:
1222 2219 1477 2266 complectens

86 2285 271 2337 Olympia
300 2299 384 2324 cum
413 2287 564 2323 scholiis
594 2287 850 2323 recentiorum
879 2287 990 2323 solis:
1028 2287 1246 2325 charactere
1271 2289 1475 2325 admodum

85 2357 235 2394 minuto
266 2362 433 2394 exarata.
492 2356 600 2393 Inter
635 2357 752 2393 lineas
783 2356 903 2392 rubro
933 2357 1076 2404 colore,
1105 2369 1241 2405 magna
1273 2361 1397 2394 tam-en
1427 2369 1474 2394 ex

127 2493 150 2512 ⁸
171 2492 322 2524 Curatum
337 2492 369 2523 id
385 2497 434 2524 est
453 2492 486 2522 in
501 2490 700 2523 Bibliotheca
723 2490 910 2531 philologica
926 2490 1137 2531 Gottingensi‚
1157 2494 1250 2522 1779.
1268 2492 1328 2521 vol.
1346 2492 1365 2522 i.
1392 2503 1422 2532 p.
1439 2496 1468 2523 8.

84 2563 130 2592 sq.
148 2557 181 2581 et
201 2555 292 2582 1780.
310 2552 371 2582 vol.
388 2552 421 2582 ii.
446 2562 478 2592 p.
502 2554 554 2582 45.
601 2550 682 2581 Cum
706 2550 889 2579 varietatem
911 2559 978 2579 eam
1001 2549 1069 2590 jam
1095 2556 1252 2580 enotalaui
1276 2551 1307 2581 in
1331 2551 1470 2582 editione

85 2611 196 2642 Beckii
212 2611 350 2641 viderem
371 2621 501 2651 eamque
526 2611 664 2641 studiose
690 2614 911 2650 pertractatam
940 2619 1121 2649 persuasum
1144 2610 1310 2642 haberem:
1337 2612 1420 2643 nolui
1438 2612 1469 2643 in

83 2679 122 2699 en
136 2670 247 2701 iterum
263 2671 476 2713 expendenda
492 2679 618 2711 operam
634 2670 788 2711 ingratam
805 2678 999 2700 consumere.

752 2741 777 2776 g
