1846 3121
655 98 926 153 Praefatio.
1449 111 1484 164 9

148 251 277 305 Nam,
297 268 392 295 cum
414 253 483 306 ita,
504 261 549 296 ut
569 253 665 304 dixi,
687 254 952 307 ambigerem,
973 260 1027 303 et,
1049 261 1093 293 ut
1121 252 1209 292 fieri
1230 254 1333 295 solet
1360 255 1400 296 in
1421 255 1482 306 iis,

87 325 236 381 quibus
256 328 452 370 nonsatis
479 328 736 378 confidimus,
757 328 853 367 dum
873 325 1030 366 animus
1052 324 1216 378 refugit,
1239 340 1322 365 rem
1346 341 1394 366 ex
1416 327 1482 367 die

86 400 127 441 in
147 400 255 441 diem
277 402 628 456 procrastinarem,
650 411 690 443 et
711 410 838 442 metra
858 399 1097 441 excutienda
1118 398 1156 439 in
1174 397 1359 438 ultimum
1383 413 1482 452 ope-

85 486 139 514 rae
174 474 311 515 locum
343 475 572 516 differrem:
623 482 853 529 opportune
886 474 1032 523 evenit,
1065 480 1109 513 ut
1141 471 1213 512 viri
1243 470 1482 520 doctissimi,

85 545 392 589 GODOFREDI
416 548 726 598 HERMANN1‚
742 548 844 589 liber
865 547 913 587 de
934 547 1069 587 metris
1086 545 1323 586 Gra’corum
1343 543 1482 598 prodi-

85 626 169 660 ret:
200 618 240 659 in
262 636 343 675 quo
365 621 551 662 videbam
573 637 665 662 eum
688 624 742 662 ita
762 621 980 674 disputare,
1003 629 1046 660 ut
1059 634 1201 659 omnes
1217 627 1307 659 ante
1328 632 1385 668 se,
1407 616 1481 657 eti-

85 706 150 732 am
172 691 478 747 Mingarellum,
499 704 731 749 superaret3
761 709 892 748 neque
913 708 1000 734 esse
1031 692 1169 743 alium,
1191 708 1212 732 a
1242 706 1323 747 quo
1354 705 1480 744 expo-

83 764 177 806 sitio
212 775 433 809 metrorum
477 768 788 809 Pindaricorum
821 776 903 808 tam
937 766 1108 807 feliciter
1143 765 1306 806 tractari
1338 763 1479 819 possit.

82 832 261 882 Videbar
276 857 381 883 nunc
402 842 501 884 mihi
522 852 657 884 actum
679 857 797 896 agere
819 841 935 892 velle,
957 840 988 881 si
1011 849 1103 894 post
1125 855 1185 889 ea,
1207 854 1294 894 quae
1315 841 1366 879 ab
1388 838 1479 892 ipso

81 914 293 968 proposita
325 924 450 967 erant,
491 915 642 971 aliquid
675 931 867 965 conarer3
899 914 1055 967 fuitque
1098 912 1277 954 Pindaro
1320 912 1479 952 fortuna

84 996 165 1029 tam
196 988 388 1043 propitia,
418 997 586 1040 ut‚cum
617 1005 710 1030 eum
742 988 866 1029 literis
898 987 1100 1037 adiissem,
1122 986 1240 1026 vellet
1272 985 1311 1026 in
1344 993 1477 1038 partes

81 1076 216 1116 operae
249 1061 289 1102 in
320 1062 498 1103 Pindaro
528 1064 738 1104 collocatae
768 1061 915 1112 venire,
945 1071 985 1102 et
1020 1076 1106 1101 rem
1134 1061 1255 1113 longe
1289 1058 1477 1100 difficilli-

81 1150 191 1175 mam
230 1135 270 1175 in
298 1150 340 1175 se
369 1135 564 1190 recipere,
593 1136 782 1189 precibus
820 1135 886 1175 ille
916 1135 1017 1175 meis
1046 1136 1183 1175 locum
1214 1134 1476 1189 relinqueret3

79 1208 280 1262 postulavi
301 1223 462 1262 quoque
483 1209 562 1248 hoc
583 1211 633 1248 ab
655 1224 719 1258 eo,
736 1216 793 1258 ut,
808 1224 901 1248 cum
918 1224 966 1248 ex
987 1207 1084 1261 ipsis
1104 1207 1241 1248 metris
1256 1217 1362 1248 recte
1378 1222 1476 1248 con-

79 1280 226 1322 stitutis
260 1295 363 1320 nova
398 1280 558 1321 critices
590 1281 757 1321 materia
795 1281 1048 1334 suppetitura
1074 1289 1192 1330 esset,
1223 1280 1417 1335 quicquid
1453 1296 1476 1320 e

77 1352 270 1394 doctrinae
289 1352 418 1406 copiis
439 1361 508 1393 aut
529 1352 676 1405 ingenii
697 1353 882 1392 acumine
903 1353 1152 1393 afferendum
1174 1354 1355 1403 haberet,
1375 1353 1475 1394 Pin-

74 1427 174 1467 daro
205 1425 455 1479 impertiret3
487 1441 510 1466 a
540 1441 606 1466 me
638 1425 745 1466 enim
766 1440 848 1466 non
867 1440 1015 1474 meam,
1038 1427 1107 1465 sed
1132 1425 1296 1465 Pindari
1311 1440 1472 1466 causam

75 1507 116 1540 et
145 1500 411 1540 commodum
442 1498 482 1540 in
511 1499 622 1540 omni
654 1500 734 1540 hoc
766 1498 930 1552 negotio
963 1498 1152 1552 spectari.
1214 1498 1317 1544 Quae
1351 1515 1471 1553 quam

73 1572 265 1626 praeelare
288 1574 339 1613 ab
361 1573 452 1627 ipso
473 1581 635 1627 peracta
655 1572 746 1623 sint,
768 1573 890 1613 docet
922 1571 1228 1613 Commentatio
1260 1573 1309 1612 de
1332 1571 1471 1612 metris

74 1645 263 1697 Pindari3
287 1645 342 1687 ita
362 1655 419 1697 ut,
441 1646 473 1688 si
492 1648 601 1688 nulla
620 1647 698 1688 alia
716 1646 756 1687 in
778 1662 820 1687 re
839 1647 889 1687 de
914 1646 1091 1688 Pindaro
1112 1649 1214 1688 bene
1236 1645 1467 1696 meruerim,

71 1719 171 1761 mihi
191 1720 276 1761 haec
307 1721 448 1761 saltem
468 1720 595 1774 gratia
622 1730 781 1761 maneat
802 1720 968 1773 integra,
991 1721 1101 1775 quod
1123 1720 1252 1760 virum
1283 1718 1467 1760 doctissi-

74 1809 191 1834 mum
212 1795 263 1835 ad
283 1796 387 1835 bene
408 1795 458 1835 de
482 1794 661 1836 Pindaro
686 1796 922 1836 merendum
945 1795 1128 1836 excitavi.

126 1867 232 1914 Quae
252 1883 345 1908 cum
367 1867 422 1909 ita
444 1878 575 1910 essent
595 1869 828 1920 constituta,
848 1868 1028 1910 continui
1058 1885 1125 1909 me
1155 1868 1194 1909 in
1217 1868 1466 1923 praescripto,

68 1949 109 1982 et
127 1941 332 1992 omnibus,
353 1956 440 1996 quae
461 1944 511 1983 de
534 1958 575 1984 re
596 1943 763 1984 metrica
783 1951 850 1983 aut
869 1942 1009 1983 critica
1030 1957 1139 1983 eram
1161 1943 1209 1983 ad
1233 1951 1364 1997 poetae
1384 1941 1467 1982 cal-

67 2031 159 2057 cem
180 2016 423 2072 adjecturus,
449 2017 635 2073 abjectis,
655 2033 704 2058 ne
727 2019 931 2058 turbarem
954 2016 1103 2071 aliquid
1125 2026 1193 2057 aut
1213 2016 1345 2071 aliqua
1361 2016 1401 2057 in
1422 2030 1465 2056 re

66 2089 262 2130 molestus
295 2104 439 2141 essem,
472 2090 631 2144 perrexi
666 2093 716 2131 ad
751 2090 916 2132 Scholia
949 2091 1210 2132 emendanda.
1275 2089 1462 2131 Latinam

66 2160 174 2202 enim
203 2161 429 2203 versionem
458 2162 551 2204 satis
579 2163 703 2204 habui
733 2164 935 2217 corrigere
956 2163 995 2204 in
1018 2164 1078 2214 iis,
1099 2179 1186 2219 quae
1207 2164 1463 2205 manifestea

63 2250 156 2277 vera
185 2236 337 2277 ratione
364 2236 641 2279 abhorrerent.
704 2237 880 2278 Scholiis
913 2237 1184 2279 exscribendis
1209 2237 1353 2278 tradidi
1390 2252 1460 2277 ex-

65 2310 222 2364 emplar
251 2309 437 2351 editionis
467 2310 636 2352 Beckii:
669 2310 809 2351 sustuli
842 2311 935 2352 vitia
963 2326 1055 2352 cum
1087 2311 1341 2353 librariorum
1372 2319 1458 2350 tum

63 2397 294 2437 operarum,
315 2392 508 2438 quantum
535 2383 621 2424 fieri
649 2383 808 2438 potuit3
840 2383 1021 2426 adhibito
1052 2383 1159 2427 Cod.
1180 2383 1457 2437 Gottingensi,

63 2457 204 2498 saltem
218 2457 256 2498 in
270 2457 370 2498 locis
383 2457 592 2512 suspectis,
606 2467 646 2498 et
661 2472 708 2497 ex
726 2472 790 2507 eo,
808 2473 878 2498 seu
891 2457 1041 2498 criticis
1055 2459 1104 2498 de
1133 2457 1276 2508 causis,
1297 2458 1456 2499 correxi

62 2530 259 2584 plurima:
292 2531 332 2571 in
360 2531 438 2573 hoc
469 2540 603 2572 tamen
624 2546 758 2573 rerum
779 2546 924 2584 genere
947 2546 1031 2572 rem
1053 2530 1237 2572 inutilem
1259 2546 1344 2572 esse
1366 2546 1455 2571 cre-

61 2603 143 2644 didi
156 2605 205 2645 de
216 2604 367 2660 quavis,
380 2605 441 2645 vel
455 2605 667 2657 levissima,
681 2605 933 2647 correctione
949 2621 1128 2655 monere,
1139 2615 1207 2645 aut
1220 2604 1450 2646 varietatem

61 2674 243 2720 lectionis
272 2679 514 2731 adscribere,
536 2679 604 2721 ubi
634 2679 903 2734 discrepantia
935 2681 985 2721 ad
1016 2679 1146 2734 ipsum
1177 2689 1341 2734 poetam
1370 2694 1451 2722 nou

839 2751 861 2777 c
