1846 3121
616 116 888 169 Praefatio,
1379 128 1451 185 29

67 271 258 323 processit.
316 270 417 309 Nam
437 271 476 307 in
494 270 811 318 interpretatione
828 281 895 306 sua
909 268 1108 307 Pindarica
1122 274 1280 321 septem,
1293 280 1334 312 et
1353 277 1459 323 quod

63 343 245 390 excurrit,
266 353 387 378 annos
415 337 664 387 consumpsit,
687 351 748 375 an.
771 337 821 376 D.
842 339 930 375 inde
953 342 1018 376 21.
1042 338 1184 376 Octob.
1211 343 1326 378 1604.
1348 345 1458 381 initio

61 410 167 448 facto
178 413 193 456 ;'
211 409 369 447 Isthmia
385 414 511 447 autem
534 421 709 446 enarrare
728 412 858 446 aestate
876 409 1025 445 demum
1044 422 1106 446 an.
1132 412 1246 446 1611.
1261 408 1457 458 aggressus

63 483 132 515 est.
187 478 427 527 vulgaverat
456 479 518 514 ille
543 478 625 526 jam
643 489 745 513 anno
765 478 837 514 hoc
861 480 975 514 1611.
1034 477 1205 515 Pindari
1228 478 1317 526 plus'
1345 492 1459 528 quam

64 550 249 585 sexcentis
277 550 317 585 in
344 547 434 583 locis
465 548 658 584 emendati
687 549 886 596 specimen.
946 546 1042 583 Inde
1061 548 1161 583 missi
1188 548 1233 583 ad
1264 560 1347 584 eum
1360 553 1459 585 sunt

62 616 154 654 Jani
178 617 339 654 Gruteri
361 629 452 653 cura
481 621 555 654 tres
590 617 698 654 codd.
728 616 838 652 MSS.
866 629 911 655 ex
932 615 1051 653 Elect.
1073 616 1194 653 Palat.
1218 616 1459 654 Bibliotheca

62 685 388 734 Heidelbergensi,
414 688 461 723 de
488 688 624 734 quibus
653 698 784 734 snpra,
818 698 904 734 pag.
935 690 1000 723 28.
1021 699 1076 733 sq.
1099 686 1297 734 diligenter
1315 687 1458 724 dictum

64 762 133 794 est.
182 757 252 794 Sed
281 758 376 793 idem
398 758 561 804 antiquis
581 757 666 794 edd.
688 758 894 793 instructus
913 756 988 792 fuit
1016 757 1189 804 egregie3
1221 757 1352 793 laudat
1369 758 1455 794 edd.

63 831 231 874 quatuor
252 839 336 863 cum
357 839 467 863 manu
487 826 566 864 Viri
591 826 810 862 Winshemii
829 826 874 862 ad
895 837 934 862 se
951 827 1094 872 missas,
1115 827 1204 862 item
1220 825 1457 872 Romanam3

65 902 145 934 tum
161 898 342 933 Aldinum
364 898 557 944 exemplar
575 896 819 933 Rittershusii
840 908 930 932 cura
945 897 1199 943 emendatum,
1222 898 1458 945 transcriptis

64 979 219 1015 quoque
249 967 441 1003 nonnullis
473 979 495 1002 a
526 965 664 1003 Joach.
699 965 919 1002 Camerario
946 966 982 1001 in
1003 968 1169 1014 margine
1188 967 1243 1002 sui
1266 968 1457 1014 exempla..

67 1038 116 1073 ris
136 1038 307 1084 aspersis.
366 1037 436 1074 Sed
466 1035 786 1072 Rittershusianas
813 1036 894 1071 illas
925 1036 1053 1082 copias
1082 1048 1159 1072 non
1189 1036 1284 1073 adeo
1315 1038 1458 1083 opimas

68 1107 198 1152 fuisse,
218 1111 297 1142 tum
315 1118 361 1142 ex
377 1107 460 1153 ipsa
478 1118 519 1141 re
535 1106 710 1153 judicare
727 1107 827 1154 licet,
848 1111 928 1142 tum
949 1118 993 1142 ex
1010 1107 1068 1154 iis,
1089 1119 1172 1153 quae
1194 1119 1217 1143 a
1236 1106 1401 1144 Loebero
1420 1108 1458 1144 in

67 1186 186 1220 supra
216 1179 425 1210 memorata
461 1173 741 1210 Exercitatione
774 1176 920 1223 critica,
955 1189 994 1223 p.
1030 1180 1066 1212 8.
1099 1181 1334 1214 narrantur:
1370 1190 1458 1214 nam

66 1245 265 1291 usurpavit
282 1244 344 1280 ille
372 1245 508 1279 librum
538 1244 696 1280 eundem
718 1255 762 1280 ex
783 1243 970 1293 Cypriani
990 1246 1159 1293 theologi
1179 1245 1353 1282 Gothani
1373 1248 1458 1284 bib-

64 1313 240 1348 liotheca.
300 1311 503 1348 Enimvero
521 1312 745 1359 Schmidius,
767 1313 1003 1349 doctissimus
1023 1315 1096 1361 vir,
1117 1315 1239 1350 multo
1259 1316 1381 1352 minus
1401 1317 1458 1353 vi..

65 1382 176 1418 detur
195 1383 370 1417 tribuisse
389 1382 619 1427 scriptorum
639 1382 697 1417 vel
717 1381 985 1428 impressorum
1007 1383 1193 1419 librorum
1219 1386 1456 1433 auctoritati,

65 1463 177 1498 quam
193 1452 305 1487 certis
324 1451 533 1486 rationibus
552 1451 730 1497 metricis,
747 1462 839 1497 quas
858 1452 939 1499 ipse
956 1452 1026 1487 sibi
1041 1464 1088 1488 ex
1108 1453 1268 1499 antiquo
1284 1457 1456 1505 metrico,

64 1524 104 1556 et:
124 1520 311 1556 interdum
335 1524 457 1556 metro
475 1520 523 1556 ad
542 1520 737 1556 arbitrium
756 1521 982 1569 constituto,
1004 1521 1179 1569 finxerat,
1200 1527 1311 1560 acute
1328 1525 1459 1572 utique

63 1589 245 1637 etdecte,
267 1601 368 1637 saepe
386 1592 510 1625 tamen
530 1602 570 1625 re
587 1590 757 1626 nondum
777 1591 865 1627 satis
884 1592 1098 1639 explorata,
1120 1604 1202 1628 cum
1225 1596 1264 1629 et
1280 1593 1361 1640 ipse
1378 1606 1457 1631 me.

64 1654 181 1695 tricus
209 1655 302 1695 vitio
334 1660 541 1708 laboraret,
570 1663 636 1696 aut
667 1673 867 1708 perperam
895 1665 1059 1698 metrum
1092 1662 1357 1711 constitueret,
1389 1668 1459 1700 aut

65 1728 270 1766 Schmidius
298 1733 420 1766 metro
447 1730 495 1765 ad
522 1742 636 1766 unam
662 1731 865 1767 alteramve
881 1731 1091 1778 stropham,
1107 1744 1390 1780 nonnunquam
1408 1735 1458 1770 ad

65 1810 162 1847 eam,
197 1810 310 1846 quam
343 1799 512 1836 omnium
541 1801 694 1837 minime
730 1801 835 1847 sequi
865 1800 1041 1847 debebat,
1076 1802 1287 1839 constituto
1320 1803 1458 1850 pariles

66 1869 174 1904 nimis
193 1869 384 1906 audacter
414 1869 625 1917 refingeret.
691 1868 830 1917 Itaque
857 1871 1006 1914 acerbe,
1039 1873 1077 1906 et
1104 1882 1206 1918 saepe
1230 1873 1378 1908 scurrili
1409 1874 1457 1908 li-

66 1938 189 1975 centia
206 1939 420 1986 exagitatus
438 1942 494 1975 est
516 1951 539 1975 a
564 1939 738 1987 Pauin,
770 1952 843 1987 pro
870 1941 976 1977 istius
1004 1941 1125 1977 aetatis
1155 1953 1274 1979 more.
1331 1941 1458 1986 Quam

65 2007 216 2055 quidem
243 2009 513 2046 maledicentiae
540 2013 579 2046 et
608 2021 742 2046 amarae
776 2011 1032 2048 insectationis
1063 2010 1254 2048 infamiam
1282 2024 1305 2048 a
1323 2013 1457 2050 studiis

66 2078 221 2123 nostris,
252 2089 335 2124 quae
365 2080 449 2126 ipso
474 2080 627 2116 nomine
658 2080 929 2116 humanitatem
949 2079 1196 2127 profitentur,
1216 2083 1360 2118 nunc*
1379 2095 1458 2120 esse

65 2148 259 2195 depulsam
277 2160 509 2195 magnopere
538 2150 786 2197 gratulamur.
843 2148 982 2186 Saltem
1000 2150 1136 2186 doctus
1154 2153 1193 2187 et
1209 2162 1339 2198 aequus
1355 2154 1457 2199 quis..

67 2229 140 2264 que
164 2217 284 2266 judex
309 2218 508 2265 fatebitur,
536 2218 714 2255 Schmidii
731 2219 904 2255 acumine
924 2223 963 2255 et
980 2219 1173 2268 diligentia
1192 2221 1346 2259 infinitis
1364 2224 1458 2259 locis

66 2286 357 2322 emendatiorem
375 2298 444 2322 nos
464 2287 604 2323 habere
620 2291 772 2335 poetam
792 2301 803 2333 ;
833 2291 914 2324 tum
932 2288 972 2324 in
989 2289 1032 2324 iis
1050 2300 1219 2338 quoque,
1248 2291 1287 2327 in
1318 2292 1457 2338 quibus

66 2354 337 2404 hallucinatur,
363 2357 554 2404 ingeniose
586 2360 710 2393 tamen
743 2361 782 2394 et
812 2357 995 2406 sagaciter
1023 2358 1200 2396 hariolari
1226 2360 1346 2396 virum
1365 2361 1457 2397 doc-

67 2424 261 2461 tissimum.
310 2425 515 2474 Exemplar
533 2430 620 2463 ante
640 2427 772 2463 oculos
791 2427 966 2463 habuisse
985 2431 1023 2464 et
1039 2428 1299 2465 excudendum
1315 2429 1458 2466 dedisse

69 2493 216 2531 videtur
234 2493 546 2543 Cratandrinum,
577 2496 727 2536 deserto
753 2495 964 2544 Stephano,
998 2509 1108 2543 quem
1141 2510 1221 2535 non
1252 2498 1340 2535 satis
1370 2499 1454 2536 dili·

516 2638 535 2657 *
558 2638 682 2680 Scripta
696 2638 763 2669 haec
780 2642 869 2668 erant
885 2648 934 2669 an.
951 2639 1003 2670 74.
