1846 3121
658 100 928 154 Praefatio.
1417 111 1481 158 11

85 265 222 300 notata
249 257 452 308 suutjfide
480 273 561 299 non
593 257 745 312 ubique
775 255 870 298 satis
890 262 1016 305 certa,
1036 269 1085 295 ea
1103 254 1229 295 videri
1253 267 1421 309 possunt
1439 258 1481 300 in

87 331 287 373 Biblioth.
318 331 395 373 Gr.
418 330 887 380 Fabricio-Harlesiana,
909 336 1009 368 tom.
1031 326 1072 368 ii.
1095 342 1137 381 p.
1159 332 1229 372 78.
1259 344 1319 382 sq.
1340 330 1404 371 hic
1434 346 1482 372 ea

81 421 408 448 commemorare
430 421 533 461 opus
555 421 635 448 non
655 414 755 446 erat.

142 479 206 521 Ita
226 495 300 521 nec
328 495 492 521 necesse
524 488 624 529 erat,
644 487 689 520 ut
719 479 770 519 de
793 477 871 517 vita
903 475 1070 518 Pindari
1101 474 1280 516 solennia
1304 476 1482 529 praemit-

85 560 230 604 terem,
261 555 311 594 de
342 568 423 607 qua
461 568 556 594 cum
597 553 738 593 eadem
776 549 1040 591 Bibliotheca
1071 548 1172 590 adiri
1213 557 1362 602 potest,
1395 557 1483 590 tum

86 627 598 668 Sennmnssmhbellus
619 635 742 667 extat.
804 623 874 667 De
903 623 1039 664 indole
1069 631 1109 664 et
1135 623 1370 663 charactere
1393 638 1481 664 car-

80 699 201 741 minis
231 700 343 752 lyr-ici
375 699 579 741 Pindarici
609 707 778 753 egerunt
807 694 952 748 multi,
984 697 1088 738 inter
1107 711 1181 737 nos
1202 695 1367 752 quidem
1390 704 1483 751 post

85 773 463 815 SanEmERnM
506 772 712 828 praecipue
749 772 944 815 JAcoBs
986 774 1027 815 in
1067 773 1198 815 addit.
1235 773 1292 814 ad
1325 773 1486 815 Sulzeri

87 846 303 888 Theoriam
341 854 423 888 art.
459 846 634 911 elegant.
696 845 789 887 Nec
819 846 900 887 vim
934 848 1103 902 lyricam
1137 849 1356 888 commode
1389 847 1483 887 satis

81 920 314 962 hominibus
334 920 480 962 nostris
501 921 576 962 nisi
598 921 812 962 vernaculo
834 935 1021 962 sermone
1041 921 1192 975 exponi
1225 936 1344 975 posse
1375 921 1483 964 arba·-

79 995 230 1035 >trahar.
279 993 350 1045 Iis,
385 993 453 1049 qui
489 993 653 1050 antiqua
683 1003 838 1046 curant,
871 996 1075 1037 sufficiunt
1105 1005 1201 1037 nota
1240 995 1410 1037 Horatii
1442 1004 1482 1036 et

81 1067 346 1115 Quinctiliani
360 1067 517 1124 judicia
537 1084 632 1109 cum
650 1069 1016 1125 grammaticorum
1039 1070 1210 1111 notitiis.

142 1140 365 1196 Reliquum
395 1150 494 1192 erat,
523 1142 716 1194 colligere
745 1158 793 1183 ea
821 1158 984 1198 quoque
1014 1143 1121 1193 loca,
1144 1158 1234 1197 quae
1261 1143 1412 1197 passim
1441 1142 1480 1184 in

85 1214 350 1268 scriptoribus
371 1230 393 1255 e
415 1215 583 1256 Pindari
605 1215 805 1269 Epiniciis
821 1215 1058 1265 laudantur3
1081 1224 1122 1255 et
1142 1216 1275 1256 habeo
1298 1225 1481 1270 paratum

85 1286 204 1340 hujus
232 1285 390 1339 generis
418 1301 633 1327 numerum
662 1287 769 1327 haud
798 1287 1004 1340 exiguum.
1066 1287 1174 1329 Cum
1196 1297 1329 1329 tamen
1351 1290 1483 1343 plera-

83 1374 162 1413 que
183 1359 262 1400 sint
282 1374 417 1400 versus
438 1358 687 1409 sententiosi,
709 1358 764 1398 ita
785 1359 960 1412 repetiti,
982 1369 1027 1399 ut
1056 1375 1173 1400 usum
1202 1377 1272 1401 seu
1294 1360 1479 1403 criticum

82 1447 153 1475 seu
175 1431 431 1485 exegetieum
452 1431 516 1472 vix
537 1431 712 1472 habeant
732 1446 938 1484 magnum,
960 1432 1038 1473 alia
1058 1433 1136 1473 sint
1165 1435 1382 1475 verborum
1403 1435 1482 1476 sin-

82 1506 269 1560 gulorum
290 1505 531 1556 notationes,
551 1505 593 1546 in
624 1505 889 1560 Etymologo,
912 1507 1139 1561 Hesychio,
1161 1515 1201 1548 et
1231 1506 1318 1548 aliis
1347 1523 1481 1561 gram-

81 1579 253 1631 mancis,
274 1581 325 1621 ad
345 1579 538 1621 doctrinae
564 1579 705 1633 copias
733 1581 990 1621 ostentandas
1013 1580 1122 1622 haud
1144 1580 1320 1632 inutiles,
1341 1596 1480 1622 verum

80 1674 106 1700 a
125 1658 296 1700 consilio
315 1672 416 1698 meae
438 1672 588 1712 operae,
608 1656 665 1698 uti
687 1656 785 1697 illud
814 1653 1130 1708 circumscripsi,
1150 1654 1288 1695 alienae
1305 1671 1313 1696 :
1346 1654 1481 1708 singu-

81 1732 206 1773 larem
239 1731 301 1772 his
331 1747 499 1786 operam
522 1729 728 1785 impertire
757 1729 894 1780 nolui3
926 1728 984 1769 uti
1005 1744 1079 1769 nec
1100 1744 1149 1769 ex
1170 1728 1482 1771 animadversio-

81 1819 178 1846 num
200 1814 241 1846 et
261 1805 589 1850 observationum
611 1804 843 1845 criticarum
866 1802 981 1843 libris
1002 1811 1042 1842 et
1062 1802 1241 1843 virorum
1262 1803 1478 1844 doctorum

80 1879 382 1920 commentariis
419 1879 672 1934 conquirere,
701 1877 848 1933 quibus
883 1876 1054 1932 quisque
1093 1875 1226 1917 modis
1265 1875 1479 1917 Pindarica

79 1952 314 2004 tentaverit3
346 1961 508 2007 vagatus
529 1968 659 1994 essem
691 1959 802 1993 extra
823 1951 946 2001 oleas,
968 1958 1195 1991 enotassem
1218 1950 1346 1990 multa
1365 1950 1477 1990 nullo

79 2040 173 2066 cum
203 2027 350 2077 fructu,
380 2025 526 2080 partim
555 2041 769 2080 perperam
790 2024 1032 2079 conjectata,
1054 2022 1200 2077 partim
1229 2038 1291 2075 ea,
1319 2022 1359 2064 in
1387 2038 1476 2079 quae

79 2097 199 2146 facile
219 2098 386 2155 quisque
408 2099 447 2141 in
470 2099 531 2140 his
552 2099 676 2140 literis
698 2107 872 2139 versatus
895 2107 935 2137 et
960 2097 1047 2151 ipse
1068 2096 1243 2148 incidat3
1276 2098 1381 2138 forte
1402 2097 1476 2138 eti-

79 2187 160 2222 am,
181 2172 213 2212 si
227 2172 430 2227 judicium
452 2173 668 2228 adjungere
690 2172 892 2222 volebam,
906 2170 1194 2212 certaminibus
1215 2185 1280 2211 me
1300 2171 1475 2227 objeci&

78 2259 178 2296 sem,
198 2261 220 2286 a
240 2245 387 2300 quibus
409 2260 531 2299 pauio
553 2245 789 2300 prudentior
809 2245 978 2299 quisque
1000 2245 1206 2286 abhorret.

137 2319 247 2361 Cum
269 2318 444 2369 Indices,
466 2319 534 2374 qui
555 2318 594 2359 in
616 2321 680 2360 ed.
704 2319 842 2360 Oxon.
864 2327 1060 2373 prostant,
1081 2318 1158 2360 sint
1185 2318 1380 2370 lacunosi,
1401 2333 1473 2372 pa-.

78 2407 250 2448 rumque
270 2392 482 2446 diligenter
509 2391 700 2442 confecti,
721 2401 811 2435 sunt
838 2391 904 2432 alii
918 2392 1008 2447 jam
1034 2391 1166 2445 *parati
1186 2406 1311 2445 opera
1330 2400 1370 2432 et
1390 2399 1472 2432 stu-

79 2466 147 2507 dio
175 2465 286 2507 docti
307 2465 482 2522 juvenis,
507 2464 733 2521 Raphaelis
756 2464 958 2514 Fiorz'llo‚·
989 2479 1119 2520 neque
1150 2465 1228 2506 illis
1258 2465 1471 2520 quisquam

80 2538 247 2581 Pindari
268 2539 469 2581 studiosus
496 2554 612 2595 aequo
632 2539 768 2580 animo
789 2555 926 2581 carere
947 2538 1110 2594 poterit.

87 2651 90 2653 .
137 2612 352 2668 Descripsi
381 2612 552 2667 ingenue
582 2614 756 2654 formam
788 2628 923 2667 operae
948 2626 1061 2663 meze,
1082 2611 1318 2667 reddidique
1347 2612 1470 2654 ratio-

80 2698 173 2727 nem
199 2701 344 2728 eorum
374 2701 550 2742 quoque,
572 2701 660 2742 quae
688 2686 904 2728 meditatus
930 2701 1041 2727 eram
1070 2694 1111 2726 et
1131 2684 1267 2739 animo
1287 2685 1471 2739 designa-

704 2765 774 2799 οἱ),
